2504 4612
454 244 482 326 1'.
527 258 859 331 cruentantes:
1087 248 1166 358 '1⁰9
1223 361 1227 369 Ι

122 514 125 523 .
142 453 214 496 non
236 434 323 496 enirn
343 435 523 517 pervixisse
539 432 782 495 Eratosthenem
803 432 841 494 sd
864 446 1006 520 tempora
1021 436 1166 520 Prusiae,

146 542 248 610 cuius,
264 542 328 600 ittic
356 543 484 600 mentio
514 540 575 601 fiat.
624 537 852 601 Callisthenem
879 541 969 602 unde
987 547 1162 631 arripuerit,

146 646 247 705 dicere
268 646 426 726 neglexit3
457 663 560 727 neque
588 642 685 705 altera
702 645 789 705 ‘ratio
814 645 950 705 firmiter
970 651 1162 718 ssse'habet.

140 751 209 811 lam
231 753 259 810 si
280 749 498 812 Eratosthenis
519 749 604 810 hunc
623 748 747 809 lib'rum
766 750 929 829 posueris,
950 753 1162 835 singularem,

116 877 209 931 gnon
238 871 366 940 partem
394 854 684 934 Geographicorum
714 840 911 915 constituerit
941 875 1071 919 necesse
1105 877 1162 923 est.
1214 900 1218 915 .-

135 962 200 1025 sed
221 983 401 1047 τριακοστῳ
420 957 515 1045 τοίτῳ
538 959 796 1043 depravationem
812 961 930 1039 prodit,
952 981 1030 1025 cum
1039 985 1083 1027 ns
1098 968 1163 1028 mi-
1197 980 1201 987 “

134 1070 314 1130 nutissimo
340 1068 472 1150 quidem
502 1064 712 1125 historiarum
739 1068 911 1125 scrutatori
937 1086 1071 1151 campus
1100 1075 1163 1135 iste

135 1187 187 1235 tot
207 1173 429 1234 voluminibus
452 1150 655 1231 conficiendis
677 1162 769 1228 facile
791 1168 958 1231 suffecerit.
989 1175 1034 1236 At
1049 1197 1161 1259 quem.

135 1298 263 1361 cunque
283 1279 455 1362 sumpseris
482 1291 681 1345 numerum,
711 1291 780 1332 non
809 1277 913 1354 potuit
933 1278 1159 1363 Eratosthenes

133 1385 196 1445 tale
218 1383 294 1465 quid
316 1381 499 1463 argumenti
520 1377 633 1437 litteris
649 1396 847 1454 consecrare,
870 1382 904 1441 id
916 1385 1006 1445 enim
1022 1370 1158 1451 abditus

121 1470 268 1575 ’ingenio
291 1499 329 1548 ut
350 1484 438 1565 quod
458 1484 605 1543 maxime
626 1481 791 1557 abhorret,
818 1500 855 1548 ut
875 1486 964 1563 libris
985 1503 1033 1553 sat
1053 1495 1160 1575 eopio-

134 1595 179 1655 sis
201 1612 250 1652 res
272 1590 505 1673 frigidissimas,
528 1606 637 1668 neque
660 1589 837 1651 curiositati
856 1591 1000 1673 hominis
1016 1613 1092 1679 pras
1107 1617 1159 1659 ce·

133 1701 211 1760 teris
231 1696 356 1758 subacti
371 1694 522 1778 polirique
539 1688 680 1768 idoneas,
697 1712 755 1774 pro
770 1716 862 1759 more
878 1698 1029 1780 inprimis
1046 1721 1159 1765 recen·

133 1807 258 1881 tiorum
279 1799 582 1884 grammaticsmm,
609 1800 717 1880 quales
738 1788 903 1864 recensent
924 1822 955 1866 r.
978 1825 1005 1871 c.
1027 1806 1158 1870 Scholia

131 1908 316 1999 Apollonii,
348 1906 481 1967 obscure
511 1900 719 1984 protraheret.
769 1905 839 1969 Hoc
866 1911 951 1970 inter
977 1912 1158 1991 exploratis-

90 2074 93 2080 ,
132 2016 216 2105 sima
238 2029 428 2076 concessum
448 2009 560 2070 veiim.
604 2006 738 2070 Accedit
767 2008 827 2071 alia
847 2032 914 2073 non
934 2014 1045 2075 minus
1067 2015 1159 2076 lucu·

130 2123 218 2181 lenta
239 2121 328 2180 ratio
372 2112 589 2204 Geographica
611 2110 834 2175 Eratosthenes
857 2116 957 2177 trihus
973 2130 1102 2209 tantum
1121 2120 1163 2178 li.

129 2226 197 2287 bris
218 2225 405 2305 complexus
424 2232 493 2293 est,
516 2238 658 2299 quorum
678 2206 853 2293 ultimum,
882 2240 986 2303 neque
1009 2240 1089 2285 eum
1110 2238 1159 2287 to·
1161 2202 1169 2227 ⁵

127 2344 216 2401 tum
237 2326 423 2411 regionibus
444 2342 500 2404 per
524 2320 623 2406 capita
645 2324 859 2390 descrihendis
881 2327 1100 2401 addixerat;
1090 2350 1157 2393 ram

127 2432 206 2497 'vero
228 2434 374 2495 simodo
396 2430 524 2514 singula
545 2449 688 2527 quaeque
705 2444 950 2517 pertractaturos
972 2427 1065 2509 erat,¹
1079 2438 1163 2517 quid.

128 2544 168 2600 in
191 2556 298 2598 caussa
327 2534 412 2609 init,
443 2532 530 2615 quod
549 2532 719 2594 modicum
740 2535 913 2612 volumen,
942 2556 1011 2603 non
1037 2534 1160 2620 aliquot

127 2658 261 2704 acervos
290 2641 449 2707 librorum
478 2632 593 2697 talibus
625 2628 855 2717 complerent?
898 2641 992 2725 Quod
1022 2642 1049 2702 si
1078 2638 1168 2725 quae,

127 2752 214 2811 olim
235 2748 337 2809 nimia
360 2742 490 2825 fortasse
510 2753 549 2800 ut
566 2718 667 2801 videri
684 2754 809 2823 poterat
823 2742 977 2807 brevitate
992 2748 1157 2849 expedire·
1171 2746 1174 2751 ’

125 2869 189 2928 rat,
212 2828 317 2914 denuo
331 2864 400 2915 anta
416 2826 628 2927 amplitudine
649 2866 833 2930 percensere
846 2848 956 2929 veliet,
977 2848 1060 2914 nihii
1078 2855 1156 2918 adeo

125 2963 168 3024 ad
189 2960 374 3021 Galatarum
402 2952 511 3039 potius
540 2951 722 3035 imperium
749 2972 828 3017 eum
848 2952 1004 3040 adigebat.
1047 2958 1094 3019 Ac
1115 2979 1157 3021 ne

123 3056 280 3145 Stephani
295 3063 428 3145 quidem
449 3059 632 3136 auctoritas,
653 3062 689 3120 in
705 3057 865 3122 eiusmodi
885 3060 1070 3143 quaestione
1092 3065 1156 3124 exi·

125 3190 209 3253 gua,
237 3169 382 3229 nimium
410 3175 567 3245 moretur.
616 3163 757 3225 Proinde
789 3146 917 3251 alterius
938 3166 1155 3231 Eratosthenis

124 3276 267 3338 Gsiatica
288 3256 391 3337 fuisse
413 3271 537 3354 opinor.

448 3562 853 3600 *ψ-
