2504 4612
107 331 112 343 ι
184 254 245 316 ιιι
475 245 617 311 orum
639 238 902 335 stamnum.
947 308 950 315 ,

269 420 320 481 ns
344 435 478 500 utroque
500 419 568 477 loco
591 419 634 477 ita
659 429 764 476 censet
793 411 968 476 Heerenius
998 411 1059 475 de.
1075 411 1218 479 lontibu's·

138 578 143 597 ι
185 542 216 587 et
244 527 429 587 auctoritate
457 524 538 583 Vitt.
559 520 722 581 Plutarchi
752 541 783 602 p.
800 538 855 601 qo,
877 517 1116 581 Eratosthenes
1133 542 1202 584 num

185 630 380 711 peculiarem
408 629 449 690 de
479 625 699 719 Demosthene
729 624 852 686 librum
880 621 1064 701 ediderit
1052 640 1204 689 rncertum

186 752 267 807 esse3
296 735 380 794 inter
414 744 575 796 sexcentos
604 708 714 791 tamen
736 749 815 810 quos
848 728 982 789 ediderit
1015 738 1203 792 commenta·

184 841 248 900 rios
269 857 376 898 unum
398 841 498 899 etiam
492 818 729 896 Demostheni
749 852 828 894 eum
849 850 1075 911 consecrasse,
1101 837 1202 921 proba·

186 943 250 1003 bile
271 942 383 1002 saltem
405 943 513 1001 videri.
557 938 601 1000 At
620 956 696 1002 vero
716 950 880 1000 sexcentos
901 937 1149 1005 Eratosthenem
1168 943 1203 1003 h

158 1116 161 1121 ,
185 1046 445 1129 bros'protulisse,
459 1044 529 1126 plus
541 1062 639 1124 quam
651 1044 808 1105 rhetorica
819 1042 1027 1125 amplificatio
1042 1048 1201 1128 est,-siqri·
1220 1046 1223 1051 ’

187 1154 262 1214 dem
288 1169 384 1232 opera
406 1168 485 1232 quae
504 1132 634 1230 quidem
654 1168 691 1210 re
707 1167 779 1209 vers
794 1147 970 1230 prodierint
984 1152 1202 1231 undenarium

187 1255 322 1341 quidem
352 1271 532 1316 numerum
560 1265 766 1331 excesserunt.
819 1252 948 1314 Deinde
977 1257 1106 1318 etiamsi
1138 1275 1202 1340 per·

163 1348 290 1423 'multa
309 1360 363 1420 ille
383 1361 557 1441 reliquerit,
578 1377 647 1419 non
668 1356 739 1418 ideo
758 1377 886 1419 novum
906 1360 938 1417 ei
958 1361 1066 1421 statim
1087 1360 1203 1442 ingenii

186 1467 293 1527 letum
313 1460 527 1528 attribuerim.
558 1452 686 1546 Longe
708 1465 797 1524 enim
818 1447 1029 1536 alia'rnente,
1043 1484 1143 1547 quam
1158 1484 1202 1525 rc·

104 1581 109 1589 ·
191 1552 342 1631 eentioris
363 1571 432 1630 aevi
461 1570 610 1632 homines
635 1568 830 1649 complures,
853 1586 932 1629 cum
959 1569 1217 1650 iiscripserunt·

188 1677 244 1755 qui
270 1674 308 1735 ab
337 1676 483 1753 antiquae
509 1676 656 1736 Graeciae
684 1666 882 1755 temporibus
901 1686 974 1734 non
990 1674 1090 1733 nimis
1112 1657 1204 1735 dista·

187 1768 276 1847 bant,
296 1790 370 1836 tum
391 1777 628 1839 Eratosthenes:
653 1781 709 1858 qui
729 1779 876 1858 siquam
901 1778 986 1841 reni.
1004 1778 1109 1840 semel
1138 1778 1203 1839 atd-

191 1883 328 1963 gissent,
356 1879 504 1941 nondum
533 1899 629 1962 super
655 1885 717 1942 isto
745 1895 931 1964 argumento
956 1874 1057 1942 libros
1080 1882 1206 1946 extude-

191 1999 284 2060 runt,
313 1984 367 2048 sdd
395 1997 557 2066 perspecto
589 1985 744 2061 demum,
772 1988 812 2047 ad
833 1987 932 2049 multa
951 1986 1137 2050 litterarum
1157 2008 1204 2071 ge·

189 2086 266 2150 nera
295 2090 368 2177 vim
392 2084 468 2151 inde
491 2110 560 2152 non
586 2088 757 2174 vulgarem
778 2094 931 2169 exerceri,
959 2094 1077 2153 mentis
1098 2095 1204 2156 condi·

189 2193 306 2254 derunt
326 2209 554 2268 monumenta;
575 2199 659 2257 inter
678 2199 868 2258 recentiores
890 2209 1002 2258 autom
1015 2210 1064 2258 tot
1077 2198 1120 2262 de
1136 2217 1205 2282 quo·

191 2314 317 2376 cunque
347 2315 462 2377 campo
491 2301 658 2364 volumina
690 2303 919 2375 coniiciuntur,
949 2315 988 2364 ut
1007 2303 1160 2365 litteras
1150 2320 1204 2365 rtu-

187 2416 344 2459 mensum
373 2413 532 2481 quantum
558 2406 667 2485 utique
697 2417 861 2486 promotas
881 2398 990 2469 'fuisse
1023 2396 1203 2491 nuntposlu

153 2528 162 2548 s
190 2503 350 2565 admirari.
392 2504 629 2567 Verumtamen
648 2509 701 2570 his
719 2510 847 2585 missis,
868 2511 959 2593 quid
971 2513 1107 2575 tandem
1132 2513 1201 2575 Plu·

185 2606 320 2679 t'arclreis
342 2607 559 2690 fragmentis
551 2625 644 2688 inest,
664 2632 727 2695 quo
744 2633 872 2677 novum
893 2634 975 2697 opus
992 2617 1065 2681 iure
1073 2619 1202 2700 colliga·

187 2701 264 2769 tur?
304 2711 461 2776 Posterius
481 2717 640 2798 profecto,
661 2731 774 2801 utpote
795 2719 833 2781 ds
853 2733 960 2807 morte
981 2710 1203 2787 Demosthenis

188 2831 364 2894 exponens,
395 2832 502 2901 aperte
525 2819 796 2907 chronographis
826 2829 993 2908 congruit:
1022 2841 1054 2888 at
1070 2844 1114 2887 ns
1132 2826 1203 2887 alte·

187 2935 265 2979 rum
295 2919 427 2998 quidem
461 2929 637 2993 accuratius
665 2948 738 2990 rem
767 2930 941 3010 exploranti
969 2930 1009 2992 ab
1036 2930 1092 2991 illo
1115 2950 1202 3016 argu·

186 3036 302 3084 mento
332 3024 622 3112 quomodocunque
653 3031 821 3105 abhorrere
841 3035 996 3098 videatur.
1039 3034 1203 3120 Pleraeque

188 3130 280 3189 enim
301 3149 470 3211 paucarum
492 3153 571 3217 quae
594 3135 633 3199 de
653 3138 873 3221 chronologico
886 3140 1105 3205 Eratosthenis
1123 3142 1202 3205 libro

94 3306 97 3313 1
187 3232 335 3312 reliquiae
356 3236 420 3298 huc
440 3257 658 3321 pervenerunt
678 3227 1037 3321 historiam'lit'te'rarum
1051 3261 1202 3329 spectant,
1225 3298 1230 3309 .

91 3322 95 3329 ’
143 3398 148 3405 ,
185 3337 352 3431 mentique
371 3343 424 3400 vel
443 3345 553 3407 minus
575 3350 752 3410 celebrium
778 3363 966 3427 auctorum,
994 3330 1098 3415 ueluti·
1121 3352 1203 3437 Eus-

185 3438 316 3515 norum,
339 3440 478 3529 iniecta„¹
505 3448 577 3510 Iam
597 3459 682 3527 vero,
704 3452 730 3515 si
751 3472 817 3513 non
828 3446 1046 3516 Eratosthenis
1066 3466 1206 3535 nomen,

87 3532 90 3537 ’
186 3556 320 3607 atcerte
342 3548 529 3630 Apollodori
551 3548 748 3635 exemplum,
768 3547 977 3639 geographica
1004 3556 1146 3650 historiis
1165 3584 1201 3628 ex

182 3664 296 3727 genere
317 3650 454 3715 litterato
478 3658 645 3717 coniuncta
665 3662 883 3741 proponentis,
910 3664 984 3726 satis
1013 3684 1200 3734 commone·

183 3750 278 3825 lacit,
308 3753 581 3863 chronographiae
602 3775 634 3822 et
651 3763 963 3879 rerumpublicarum
983 3770 1061 3847 tau,
1083 3787 1118 3837 et
1145 3777 1197 3841 ἀο-

124 3896 129 3905 -
183 3858 378 3923 ctrinarum
387 3856 571 3946 artiumque
601 3867 734 3948 origines
764 3887 799 3930 ac
818 3864 1036 3987 progressus,
1042 3897 1103 3961 per
1122 3882 1196 3959 illir-

82 4012 84 4017 4
178 3962 351 4025 strisslmos
379 3968 556 4077 scriptores
563 3960 788 4054 designantes,
819 3962 997 4046 memorias
1018 3980 1185 4095 consecra·
1242 4006 1246 4057 1
