2460 4606
368 268 413 331 11.
454 266 724 350 mancorum·
744 270 905 369 notua.-
1085 301 1146 370 n,
1184 220 1194 235 „

114 435 327 527 mainwolt
347 432 454 525 aripuit
473 444 537 531 ἔχει
556 444 601 525 i·3
628 444 754 527 Hygino
776 450 867 511 enim
886 462 1061 535 congruere
1077 472 1137 520 ne·

116 552 201 633 quit.
241 548 368 613 Deinde
396 561 478 611 teate
503 550 606 611 utitur
631 540 821 641 Ἐπιμενίδῃ
848 550 896 641 τῷ
920 548 965 621 aa*
992 552 1142 647 'Kprytttre'

115 654 332 739 loropotiaaa,
351 672 450 737 quem
469 654 522 717 aui
537 654 661 730 debeat,
681 656 843 723 incertum
855 674 920 737 eet3
936 682 1041 747 neque
1053 670 1143 732 enim

116 762 155 825 lu
184 762 316 845 Hygini
344 762 369 823 i.
391 780 464 843 ¹⁷⁷·
492 758 533 822 de
561 758 624 821 hoc
652 764 784 846 cogitari
809 778 924 848 potest.
972 770 1141 853 Epimeni·

111 864 198 932 alem
224 882 264 931 ut
284 866 409 931 videtur
430 866 624 929 historicum
646 867 735 931 affert
755 870 862 936 Schol.
883 874 993 959 Euripi
1012 876 1134 942 Phoen.

112 972 173 1045 ra.
194 972 341 1036 Alteram
359 972 486 1055 Hygini
505 970 675 1034 historiam
695 978 832 1039 omnino
851 980 1022 1061 praeteriit.

203 1076 242 1141 (i.
262 1082 347 1141 adet
366 1079 490 1161 Hygin.
511 1075 557 1152 11,
575 1092 627 1161 27.
649 1077 690 1141 de
710 1081 826 1142 eodem
841 1080 983 1149 fabulam
996 1102 1136 1162 narrant,

113 1184 174 1245 hic
194 1184 324 1265 quidam
343 1204 419 1247 aana
439 1184 574 1257 ratione,
594 1182 648 1244 ille
660 1184 858 1267 ineptiaaima
876 1207 896 1249 a
913 1193 1049 1255 nomina
1064 1215 1135 1276 pro·

116 1290 194 1375 prio
212 1304 341 1373 aumpta
361 1290 567 1353 derivatione.
609 1286 763 1353 Ceterum
782 1291 879 1354 verba
891 1294 929 1360 ἐν
941 1290 977 1361 δὲ
989 1310 1059 1373 τοῖς
1072 1292 1134 1366 α’μ.

112 1388 269 1481 θρώποις
289 1398 424 1480 ἔμεινεν
443 1410 477 1459 et
496 1414 584 1477 aeqq.
602 1414 669 1459 non
688 1394 796 1461 levem
816 1400 1033 1483 corruptelam
1052 1406 1133 1467 tub.

109 1503 234 1565 ierunt.
1021 1522 1024 1527 '

200 1606 241 1673 (i.
262 1622 315 1694 ap.
335 1606 442 1689 tradit,
461 1627 543 1695 quae
555 1608 679 1695 Hygia.
688 1610 734 1691 11,
757 1626 901 1696 extremo
917 1632 985 1698 erp.
1006 1610 1057 1693 1⁶,
1078 1634 1131 1679 ea·

110 1736 179 1799 que
201 1714 366 1793 ἱππίου,
385 1718 503 1781 omitto
525 1720 624 1782 etiam
644 1731 724 1783 teate
746 1718 976 1785 Cataateriemia
995 1723 1131 1805 prolato,

111 1820 282 1883 Heraclide
300 1820 435 1887 Pontico
454 1822 494 1885 da
513 1823 645 1887 iustitia.
698 1824 781 1889 Fnae
806 1826 1024 1911 auparioribua
1052 1830 1131 1891 Pro·

108 1926 234 1991 mathei
254 1926 402 1991 fabulam
419 1928 485 1989 illic
503 1946 572 1993 uon
591 1943 810 1995 memoratam
830 1945 963 1993 enarrat.
1024 1928 1030 1943 “
1061 1951 1066 1963 ·

194 2032 232 2097 C.
254 2032 310 2099 5⁰.
341 2052 420 2116 quaa
444 2033 523 2095 duaa
551 2032 642 2097 affert
673 2034 894 2118 explicationea
932 2041 1131 2121 reperiuntur

105 2136 198 2222 apud
216 2139 386 2221 Hyginum
405 2138 451 2218 11,
475 2137 526 2201 16.
545 2142 602 2220 qui
621 2141 752 2201 tertiam
763 2140 812 2200 iia
832 2141 984 2243 inseruit?
1003 2144 1130 2225 illisque

105 2262 234 2307 novam
251 2246 287 2307 in
304 2246 369 2309 fine
388 2246 566 2309 auhtexrrit:
587 2264 652 2326 quo
671 2245 810 2330 auspicio
828 2246 1017 2313 deauctore
1037 2249 1130 2315 Cata-

104 2352 338 2413 ateriamorum
359 2350 464 2414 denuo
487 2350 704 2415 confirmatur.

193 2456 231 2521 0.
251 2456 305 2521 or.
324 2457 391 2519 fere
411 2459 526 2519 eadem
551 2458 646 2520 initio
675 2477 743 2541 cap.
763 2476 813 2541 ¹7·
843 2458 930 2539 apud
955 2460 1129 2545 Hyginum

106 2582 151 2625 ex
178 2576 268 2647 parte
297 2565 448 2627 auctiora:
477 2582 559 2625 nam
587 2580 667 2646 quae
696 2564 833 2625 illicita
855 2563 1042 2641 traduntur,
1072 2569 1128 2636 καὶ

102 2661 183 2755 e'r'yaa
200 2658 287 2753 nptic
310 2666 520 2747 Ποσειδῶνα,
546 2668 695 2752 Hyginus
717 2670 912 2729 accuratius:
942 2671 1035 2753 eique
1055 2694 1128 2757 per-

102 2778 221 2849 euaait,
239 2786 277 2837 ut
294 2776 431 2839 nuberet
449 2778 616 2859 Neptuno,
637 2788 670 2839 et
688 2778 756 2857 ipae
774 2776 900 2858 nuptiae
928 2792 1043 2839 eorum
1071 2784 1128 2843 ad.

99 2880 312 2945 minittravi't.
353 2882 489 2965 Reliqua
504 2884 590 2969 apud
604 2882 743 2945 eundem
754 2879 987 2947 Gataateriamia
1003 2884 1128 2961 derum,

101 2988 225 3069 quibua
252 2990 328 3053 tolie
348 2990 519 3053 advocatur
538 2994 627 3053 teatio
641 2983 874 3074 Ἀρτεμίδωρος
893 2990 932 3053 ἐν
951 3002 1025 3061 ταῖς
1042 2984 1127 3054 ’Eia-
1155 3020 1159 3025 ·

98 3092 212 3180 yat'ma
233 3106 306 3167 vele
322 3094 399 3180 napi
421 3098 552 3180 ἔρωτος.

195 3198 234 3262 C.
256 3200 309 3265 52.
330 3200 507 3266 Summam
527 3218 644 3263 eorum
664 3218 745 3280 quae
765 3200 818 3259 hic
839 3196 1009 3259 traduntur
1033 3218 1125 3285 prae·

100 3308 162 3369 bet
188 3306 312 3391 Hygia.
336 3306 385 3386 11,
415 3308 468 3385 54,
495 3309 551 3391 qui
577 3324 646 3367 non
666 3306 769 3389 longe·
784 3304 822 3365 ab
844 3302 937 3365 initio
956 3302 1125 3368 historiam

100 3414 146 3475 de
172 3410 302 3477 ononi·
321 3416 446 3499 origine
471 3415 639 3497 propinat.
660 3410 734 3473 licat
754 3430 795 3475 ex
814 3410 1006 3495 etymologia
1027 3412 1124 3473 vehe-

96 3530 235 3583 nmter
247 3520 382 3583 abaurda
404 3534 546 3597 enatam,
567 3519 645 3581 adeo
665 3532 776 3581 tamen
796 3520 959 3599 inaignem
979 3530 1013 3578 et
1033 3531 1125 3579 vetu·

100 3626 197 3685 etatis
217 3636 296 3689 nota
316 3628 530 3701 eminentem,
549 3638 588 3687 ut
604 3644 673 3689 non
686 3624 831 3687 debuerit
845 3622 974 3683 homini
992 3622 1031 3684 de
1050 3623 1125 3699 ipsit

98 3726 193 3791 hince
209 3728 328 3793 ntulit
343 3736 450 3817 agenti
464 3732 687 3817 praetermitti.
720 3730 875 3812 Pleraque
889 3727 1001 3787 eadem
1019 3725 1125 3785 onnri-

97 3848 148 3895 ιω
170 3836 380 3921 rationeque
400 3820 618 3905 cerularium
638 3838 732 3901 docet
750 3835 841 3897 'l'heo
862 3834 902 3895 ad
923 3830 1012 3891 Arat.
1027 3828 1101 3891 522.

188 3938 226 4001 C.
249 3938 304 4005 35·
328 3944 395 4007 tna
419 3946 535 4009 eadem
561 3942 683 4027 Hygia.
710 3938 756 4015 ΙΙ.
782 3938 837 4015 3⁵»
864 3936 920 3999 ³⁶⁶
946 3934 1062 3995 ΨΜ
1089 3948 1124 3999 ‘²

93 4040 198 4109 Icarii
216 4046 398 4133 milone,
418 4066 457 4119 ut
475 4066 577 4133 quem
594 4064 690 4115 antea
708 4046 896 4129 utitofflwi
921 4038 1121 4123 ”filiiflii
