2504 4612
108 246 111 250 ’
146 262 205 311 rra
397 244 538 310 OPERA
568 236 912 313 athanasianos.

143 421 245 505 igitur
267 416 426 501 singulare
447 430 509 490 est,
543 416 581 474 iis
611 417 688 498 ipsis
718 415 834 498 quibus
861 411 1032 494 rncdoZusi
1053 433 1168 480 sumus

142 525 347 599 testimoniis,
368 521 530 604 imprimis
552 520 594 581 de·
613 524 746 602 sphaera
767 533 799 582 et
815 523 904 581 zonis
924 520 1166 601 disserentibus,

104 642 112 673 ⁸·
143 632 303 713 Heynio
330 609 445 707 Opusc.
470 623 621 685 Academ.
642 610 723 707 Isp.
741 646 791 709 97.
827 630 1043 689 coniecturam
1068 629 1167 690 irrisas

144 738 323 805 subnatant,
334 729 538 792 Mercurium
553 728 591 791 de
609 732 850 812 disciplinarum
860 733 1035 814 originibus
1051 736 1164 813 egisset

142 852 241 925 quam
258 839 447 920 opinionem
463 837 622 915 permulta
639 836 803 910 refellunt,
819 839 926 898 nullus
943 841 1053 930 utique
1072 840 1162 901 locus

142 950 279 1013 adiurat.
326 937 520 1023 Iosephus
542 942 676 1021 quidem
699 942 890 1024 Scaliger,
912 959 1072 1025 quantum
1094 948 1191 1007 eius·i

139 1050 235 1111 verba
264 1040 424 1120 indicant,
456 1046 623 1108 diversum
644 1067 661 1107 a
682 1047 842 1107 Mercurio
863 1068 943 1127 opus
965 1053 1170 1114 continuisse·

144 1154 329 1216 crediderat.
359 1151 405 1215 lta
420 1157 511 1215 enim
529 1151 751 1214 adManilium
767 1152 819 1212 ille
833 1174 863 1233 p.
882 1168 950 1230 ¹⁰5·
985 1156 1166 1220 Astrorum'

138 1250 239 1323 varias
261 1261 396 1342 quidam
418 1261 523 1321 dixere
546 1261 681 1339 figuras,
713 1257 864 1337 signaque
893 1257 1007 1319 diffuso
1037 1270 1161 1343 passim
1195 1320 1197 1325 .

136 1364 277 1447 labentia
289 1366 376 1426 coelo
396 1370 432 1426 in
448 1367 616 1447 proprium
633 1365 785 1443 cuiusque
797 1381 897 1442 genus
919 1382 1092 1448 causasque
1112 1388 1167 1435 tu..

79 1452 82 1457 ’
135 1471 216 1555 lere]
238 1472 484 1535 Eratosthenem
505 1462 615 1552 tangit,
637 1470 692 1549 qui
707 1461 748 1531 cri
765 1459 954 1550 octodurus
973 1492 1050 1535 cum
1067 1495 1167 1541 caus,

135 1582 233 1641 ciaet
256 1576 373 1639 fabulis
394 1580 586 1659 conscripsit.
630 1573 777 1635 Citantur
804 1578 880 1637 inde
907 1597 1016 1638 versus
1037 1585 1168 1662 passim,

134 1684 305 1758 aTheone,
315 1683 458 1772 Hygino,
470 1681 643 1744 Scholiasta
657 1666 849 1756 Germanici,
863 1685 941 1745 aliis.
970 1687 1157 1770 iterumque

132 1811 163 1873 p.
182 1792 250 1853 rot.
286 1788 374 1851 Nam
392 1810 481 1851 casus
506 1801 537 1847 et
553 1805 675 1846 caussas
691 1806 803 1848 omnes
820 1791 988 1870 assignavit
1003 1794 1164 1863 omnibus,

133 1896 588 1959 asnisEratosthenesin
612 1891 921 1956 Astronomicis
942 1896 1160 1974 myrteto..

132 2007 332 2086 gumenis.
372 1993 504 2082 Ἐρμῆς
523 2001 625 2074 enim,
644 2000 727 2081 quod
746 2002 798 2062 vix
816 2005 889 2061 satis
912 2008 1045 2081 mirere,
1067 2008 1153 2071 nihil
1195 2082 1197 2089 Ι

131 2108 216 2169 aliud
231 2112 330 2190 quam
346 2108 520 2189 hymnus
537 2107 593 2178 εἰς
610 2099 666 2189 ‘Ep
675 2103 757 2189 ,aris
770 2110 857 2170 visus
873 2124 921 2170 est
938 2113 1052 2172 fuisse:
1073 2112 1152 2177 vide
1195 2122 1197 2131 '

55 2240 58 2245 ·
129 2233 208 2275 eum
223 2217 258 2275 in
271 2216 482 2294 Varronemp.
495 2211 547 2277 55.
567 2215 616 2275 ed.
635 2212 750 2274 Dordr.
774 2213 834 2273 Sed
845 2230 882 2275 ut
898 2221 1005 2278 omnis
1022 2219 1158 2291 dubita,-²

126 2322 171 2380 tio
188 2332 402 2392 removeatur,
424 2339 480 2401 age
499 2321 583 2391 aliud
601 2331 833 2399 argumentum
847 2302 1046 2398 proserarnus
1066 2325 1148 2387 huc·
1184 2386 1191 2395 ,

125 2442 227 2506 usque
248 2424 452 2507 neglectum,
485 2425 571 2508 quod
592 2422 664 2485 'rem
686 2421 725 2482 de
748 2442 809 2501 qua
831 2423 1020 2503 disceptatur
1036 2429 1150 2501 claris«,

82 2596 88 2603 ,
125 2534 208 2592 sima
227 2533 264 2591 in
284 2531 356 2592 luce
377 2534 608 2595 collocaturum
628 2531 680 2591 sit.
725 2526 848 2587 Scholia
870 2530 959 2588 eninr
978 2527 1012 2594 ll.
1032 2529 1069 2619 χ’.
1095 2552 1140 2618 29.

125 2638 179 2716 (fr.
196 2632 293 2715 XIX.)
314 2653 484 2721 postquam
505 2657 640 2701 omnem
661 2636 820 2718 Erigonae
840 2634 1017 2695 historiam.
1030 2661 1139 2723 propo.

124 2726 275 2815 suerunt,
303 2743 389 2803 hisce
408 2746 623 2805 narrationem
649 2760 745 2802 suam
768 2738 984 2804 concludunt:
1006 2735 1141 2831 Ἱστορεῖ

27 2887 51 2920 ·,
122 2840 373 2932 Ἐρατοσθένης
401 2849 438 2909 ἐν
465 2857 535 2919 τοῖς
555 2843 680 2912 ἑαυτοῦ
698 2836 916 2930 Καταλόγοις.
958 2850 1033 2912 Non
1054 2855 1139 2917 facilc

122 2950 314 3032 reppereris,
344 2953 431 3033 quod
458 2953 563 3034 magis
591 2951 724 3032 abipsa
749 2972 784 3013 re
813 2951 964 3015 abludere
987 2959 1150 3023 videatur..

122 3055 190 3115 Iam
211 3074 286 3125 vero
305 3054 366 3118 hoc
391 3059 462 3117 iure
481 3057 688 3122 meritissimo
717 3058 810 3119 nobis
836 3077 1022 3138 sumemus,
1053 3067 1156 3141 ittarta.
1195 3132 1197 3139 ,

122 3160 343 3244 catalogorum
367 3150 585 3227 Eratosthenis
608 3165 822 3236 mentionem,
844 3167 940 3227 verba
962 3171 1161 3237 sistenteme:

121 3286 201 3348 quae
216 3280 257 3335 ut
275 3268 358 3328 nihil
377 3272 585 3353 corruptionis
600 3271 752 3345 referant,
774 3273 816 3341 ita
837 3273 1026 3354 longissime
1047 3284 1159 3356 supr?

120 3372 371 3434 Scholiaslarum
392 3376 523 3435 inventa
545 3389 728 3456 assurgant,
748 3396 816 3437 non
837 3398 928 3459 posse
950 3399 1027 3440 non·
1040 3390 1162 3460 quam

120 3479 262 3539 maxime
279 3496 337 3560 pro
359 3481 506 3560 genuinis
528 3480 648 3541 haberi.
680 3482 774 3541 Nunc
791 3495 900 3544 autem
920 3486 1028 3547 audias
1041 3487 1118 3549 Val
1134 3508 1161 3529 ⁶·

120 3584 380 3650 arenarium:
403 3584 568 3661 „Nomina
580 3598 750 3646 auctomm
762 3602 796 3647 et
804 3587 965 3653 librorum
976 3612 1034 3672 per
1044 3604 1172 3677 com*-

118 3690 257 3773 „pendia
267 3692 451 3755 scribuntur
465 3695 499 3753 in
514 3692 674 3753 veteribus
687 3696 896 3785 mernbranis.
920 3694 1160 3779 scripserarne
1178 3702 1182 3709 '

118 3798 382 3873 „Grammaticus
394 3800 493 3861 olim:
516 3789 904 3887 ἹστορεῑῈρατοσθὲνης
918 3808 955 3868 ἓν
970 3816 1039 3877 τοῖς
1054 3810 1159 3869 icv‘

114 3903 201 3977 „sou
215 3895 445 3999 Koituonpro
458 3903 763 3988 Καταοῑιερισμοῖς,
791 3909 875 3991 quod
896 3888 1154 3991 degeneraverit

114 4011 175 4082 asin
194 4000 427 4095 Kasalo'yose?
459 4010 531 4075 Hoc
551 4015 657 4097 prima
673 4015 753 4077 facie
773 4016 918 4077 videatur
939 4018 1030 4079 alicui
1051 4012 1155 4089 veri*
1195 4090 1197 4099 Ι

1062 4136 1141 4198 ”SV
1188 4192 1191 4199 .
