2504 4612
120 233 123 237 .
191 174 267 319 'tn
308 192 367 271 nr
386 202 729 279 narnana‘ncu
752 194 1020 283 strennuus.
1067 212 1127 298 1⁶9

192 378 265 447 laun
296 378 549 462 ,quemvislihri
578 378 741 445 eiusmodi
775 396 1016 473 argumentum
1034 384 1131 455 iacils
1227 432 1231 447 .

63 516 67 523 ·
107 487 223 570 opinor
250 486 518 567 circumspicere,
546 482 701 548 Platonici
727 488 853 574 insigne
871 508 955 579 praa
974 484 1010 553 se‘
1030 470 1134 555 iusu-

106 596 164 658 tis:
193 600 352 677 quatenus
386 593 478 653 enim
511 609 688 655 commune
712 593 798 655 luter
826 610 979 681 utrasque
1007 609 1135 661 aetiten·
1232 620 1238 633 ·

106 700 164 760 tias
193 696 370 763 intercedat
399 698 591 772 vinculum,
619 715 697 760 cum
716 701 906 783 praesertim
930 701 972 767 de
991 690 1136 786 quonam
1201 757 1203 767 .

104 804 276 866 intervallo
307 820 410 885 quare
438 803 560 864 ratione
576 802 809 895 ¹Eratosthenes
835 806 1041 885 disseruerit,
1066 822 1136 869 uon

105 908 260 991 ambigue
281 921 508 993 cognoscatur,
528 926 597 970 non
616 909 762 973 nimium
782 910 863 977 illud
884 908 1022 997 dilucide
1041 922 1139 997 queat
1183 936 1186 943 ·

104 1016 233 1096 exponi.
264 1008 416 1091 Accedit,
447 1028 486 1076 ut
504 1014 574 1090 ille,
604 1014 679 1075 licet
705 1016 866 1082 nonnulla
894 1016 1139 1084 Platonicmm

106 1120 170 1181 sibi
197 1120 390 1204 dogmatum
418 1120 645 1199 vindicaverit,
675 1138 776 1203 quam
803 1124 945 1191 maxime
967 1123 1007 1187 ab
1027 1142 1138 1210 perse·
1171 1162 1175 1171 ·

107 1227 241 1309 queudis
260 1218 447 1310 Philosophi
462 1227 585 1311 placitis
605 1226 723 1310 procul,
739 1226 878 1291 abfuisse
898 1227 1062 1313 putandus
1084 1230 1138 1292 sit.

105 1320 320 1424 Praepropere
342 1332 441 1421 igitur
462 1332 625 1393 Fabricius
647 1330 733 1394 Bibl.
756 1331 811 1395 Gr.
834 1332 897 1397 lv.
918 1355 953 1418 p.
967 1330 1044 1408 126,
1071 1353 1143 1401 non

74 1461 77 1467 ·
100 1437 392 1523 reprehendendo,
424 1438 479 1509 sed
499 1440 606 1519 potius
625 1438 752 1503 Platoni
779 1434 1146 1527 commendando'illic'

106 1542 356 1605 Eratosthenem
378 1544 503 1603 censuit
521 1560 662 1623 vacasse,
682 1542 817 1626 proinde
837 1545 980 1631 Menapii
995 1545 1046 1629 fir.
1062 1546 1142 1629 Phi.

108 1649 237 1732 loseph.
265 1650 304 1711 fr.
334 1645 438 1727 XV.)
472 1651 691 1714 coniecturam
725 1640 811 1735 rupo'c
840 1643 1011 1718 Illicere
1045 1671 1141 1737 repu·
1187 1650 1191 1659 '

110 1756 217 1830 dians;
235 1777 297 1818 nec
317 1752 442 1817 felicior
459 1756 665 1836 propositum
684 1756 759 1819 libri
784 1756 942 1821 divinarit
963 1754 1143 1839 Bullialrlus
1164 1794 1166 1799 v

109 1862 152 1927 ad
174 1863 299 1925 Theon.
318 1884 351 1945 p.
369 1861 441 1947 195,
463 1861 639 1945 Epistulam
658 1862 843 1927 Ptolemaeo
863 1866 1053 1953 inscriptam
1072 1864 1144 1926 Pla-
1203 1925 1209 1940 ‚

90 1969 210 2033 ¹tonici
231 1970 365 2032 fortusse
385 1982 513 2051 partem
533 1968 755 2033 constituisse:
774 1970 810 2028 id
832 1972 923 2037 enim
942 1970 1044 2057 ipsius
1065 1970 1145 2051 Epi·

111 2076 211 2138 stolae
231 2090 358 2150 natura,
380 2048 563 2135 certissimis
585 2070 624 2130 ab
646 2073 741 2133 initio
762 2092 868 2154 usque
890 2073 1048 2139 adfinem
1060 2074 1148 2136 limi·

109 2180 197 2242 tibus
229 2178 502 2259 circumscriptae,
531 2158 668 2238 omuino
694 2179 815 2241 renuit.
854 2174 968 2240 Immo
989 2182 1080 2262 prins
1101 2192 1165 2257 tes

112 2289 312 2350 stimonium
338 2266 482 2379 minime
508 2278 644 2343 obscure
671 2282 711 2345 ad
738 2283 957 2369 suspicionem
985 2286 1148 2377 perducit,
1243 2332 1251 2349 .

111 2394 340 2469 Platonicum,
373 2392 436 2455 nisi
465 2390 549 2451 forte
571 2408 589 2449 a
609 2390 840 2452 recentioribus
870 2406 937 2454 erat
956 2392 1072 2477 titulus
1095 2384 1150 2471 'arb

112 2503 266 2579 scriptus,
280 2500 458 2560 ·iibrorum
488 2497 527 2556 de
557 2495 794 2556 mathematicis
822 2499 1002 2581 disciplinis
1029 2496 1150 2581 (neque

61 2608 65 2613 '
115 2606 209 2687 enim
235 2604 415 2685 quidquam
442 2604 488 2663 sic
515 2601 658 2663 indicare
678 2600 915 2685 prohibuerit),
937 2604 1087 2691 inprimis
1108 2603 1149 2666 de

114 2713 244 2775 musica
265 2714 298 2771 e‘t
318 2706 535 2781 arithmetica,
551 2706 759 2789 prooemium
777 2707 966 2783 exhibuisse,
983 2724 1152 2773 commeta·
1228 2774 1233 2783 ,

116 2820 246 2881 datione
260 2815 347 2881 illius
366 2815 527 2877 doctrinae
538 2811 697 2875 aPlatone
710 2815 819 2897 petita,
831 2817 923 2879 cuius
939 2815 1152 2881 fundamenta

114 2928 228 2988 minor
245 2923 392 2985 eiusdem
407 2919 554 3004 opusculi
570 2938 642 3002 pars
663 2934 920 3004 persequeretur.
947 2910 1154 2984 ¹Cuiusmodi

117 3032 316 3111 opinionem.
338 3048 420 3111 quae
451 3007 526 3088 alibi
556 3043 576 3086 a
597 3024 735 3089 Theone
756 3024 982 3109 proiemnmr,
1001 3027 1114 3089 miuus
1132 3046 1153 3089 a

116 3132 264 3196 secundo
286 3134 472 3215 fragmento
491 3129 689 3205 abludentis,
711 3129 810 3192 etiam
830 3131 971 3217 flagitare
991 3131 1152 3215 pidentur.

116 3241 195 3304 Non
216 3236 427 3300 mediocriter
447 3236 542 3299 Paret
570 3235 740 3295 mentione
760 3233 840 3296 haec
862 3239 1092 3303 confirmantur
1113 3230 1153 3300 ii.

118 3326 258 3409 brorum
277 3342 317 3404 de
337 3342 520 3414 medietate,
542 3338 630 3401 unde
643 3336 850 3403 Platonicum
868 3342 1037 3429 idipsum
1057 3362 1154 3425 argu.
1179 3369 1184 3375 ·

119 3440 226 3516 menti
258 3463 410 3512 tractasse
442 3444 622 3530 suspiceris.
677 3442 727 3506 Ita
754 3447 846 3509 enim
869 3448 926 3510 ille
945 3424 1155 3513 mathemati·

69 3632 73 3637 ,
121 3580 177 3623 cae
206 3554 401 3620 collectionis
431 3572 450 3615 a
476 3552 552 3613 Ped.
577 3548 817 3614 Commaudino
841 3570 1011 3619 conversae
1031 3572 1064 3636 p.
1081 3552 1158 3637 εἴη,

65 3714 68 3721 .
119 3668 297 3729 Dictorum
329 3676 442 3723 autem
474 3660 637 3720 librorum
665 3661 722 3741 qui
752 3657 791 3719 ad
829 3660 1010 3745 resolutum
1042 3657 1156 3721 locum

66 3764 69 3769 ’
110 3774 294 3857 'pertinent
311 3768 389 3831 ordo
410 3768 482 3829 talis
504 3778 562 3831 est.
584 3792 689 3814 -=-
732 3762 951 3828 Eratosthenis
972 3762 1013 3824 de
1032 3760 1159 3823 medie·

62 3872 70 3883 ‘
123 3874 244 3941 tatibus
279 3874 353 3937 duo.
404 3874 445 3934 Et
474 3894 507 3956 p.
527 3870 599 3951 247.
633 3871 710 3934 Loci
740 3882 850 3933 autem
880 3872 921 3933 ab
947 3864 1158 3930 &arasthem

75 4054 80 4061 ,
124 3984 273 4067 inscripti
296 3980 335 4043 ad
357 3978 545 4075 medietates¹
565 3996 603 4043 cx
622 3974 787 4060 praedictis
806 3994 924 4063 genere
945 3968 1024 4037 ¹sunt
1045 3990 1062 4034 a
1084 3990 1157 4055 pro·
