2504 4612
258 166 260 171 ’
333 174 399 283 tt.
441 191 700 293 ttsuouttrue·
715 201 910 305 rosus·
1064 212 1129 277 ωδ.

123 389 173 459 11.
203 381 429 459 conuento
447 382 601 451 HYGlNl
614 382 674 451 ΕΤ
687 379 1122 453 censeruntsttottttto.

123 532 125 537 ·
195 494 231 561 C.
254 516 282 561 r.
300 494 397 557 initio
415 490 529 579 cepitis
547 469 697 575 Hyginus
715 490 799 553 hunc
821 490 1013 555 sententiam
1027 488 1126 555 (irte-

110 606 160 667 cis
179 602 333 667 omissam
352 596 466 663 hrbett
493 615 511 657 s
540 615 602 680 qus
626 614 693 661 non
717 595 925 659 mediocriter
951 612 1020 661 este
1047 592 1127 659 ‹tlte-

108 694 216 773 ctsrn'
232 718 367 793 propter
389 705 558 789 utriusque
589 700 792 773 consimilem
818 714 988 799 nutrirem..
1030 700 1129 785 Apud

104 814 251 877 eundem
271 811 385 874 omnis
402 807 668 891 multopleniore
687 820 723 872 et
746 806 938 871 absolutiora
965 806 1127 889 leguntur.

103 918 226 983 neruo
255 919 292 979 iu
323 914 447 977 Graecis
474 914 593 977 omisso
620 926 701 978 runt
725 930 809 996 quae
836 930 876 1000 ex
892 909 1058 995 Amphitr
1076 926 1131 977 oo·

102 1022 316 1091 moedisrurn
329 1019 478 1101 scriptore
485 1018 633 1098 (fortasse
643 1016 842 1107 Antiphane)
861 1017 946 1103 apud
961 1018 1130 1099 Hyginum

103 1128 149 1190 de
171 1127 289 1188 caussis
308 1138 534 1189 transmutatae
555 1120 704 1187 Callistus
726 1125 948 1205 reperiuntur,
973 1120 1060 1183 hetid
1079 1120 1128 1183 fs·¹

104 1232 173 1295 cile
195 1231 233 1295 ttb
252 1249 290 1293 oo
309 1233 367 1317 qni
385 1231 445 1293 ists
466 1234 503 1293 in
524 1229 655 1293 Graecis
673 1218 908 1291 desideraturus
928 1227 1040 1288 finisset
1056 1244 1130 1309 strp-

91 1335 205 1421 ¹pl'ets.
256 1332 420 1401 Praeterea
455 1335 632 1397 dimidium
667 1341 764 1413 ceput
793 1328 1033 1411 Hyginianum,
1062 1348 1133 1393 non

103 1443 179 1503 sins
198 1441 339 1523 quedem
358 1436 550 1501 eruditionis
579 1436 654 1499 dote
667 1437 895 1521 conscriptum,
914 1448 1025 1501 totum
1037 1432 1132 1503 Gsts·

104 1545 268 1609 sterismis
310 1542 415 1613 dee'st3
453 1552 561 1603 contra
595 1542 875 1607 enumerationem
902 1542 1070 1629 eteiismm
1092 1555 1134 1603 ut

105 1647 191 1712 stibi
211 1647 304 1711 tertio
322 1647 377 1708 ille
398 1646 481 1711 libro
500 1648 682 1709 reservavit.
724 1647 813 1733 Qose
832 1664 911 1711 cum
924 1646 1133 1733 spud'l’lreo·

104 1770 195 1816 nom
221 1751 370 1827 addetur,
398 1753 505 1833 prucis
532 1744 705 1837 corruptis,
724 1754 782 1836 qui
803 1752 972 1816 historiens
990 1750 1059 1815 fers
1076 1754 1133 1817 iis·

106 1856 194 1919 dem
221 1856 327 1921 verbio
357 1858 503 1933 tradidit,
528 1856 612 1929 nihil
640 1858 729 1941 prius
750 1858 854 1932 subit,
875 1878 987 1941 quenr
996 1857 1134 1923 Catsste-

107 1963 295 2027 ritmorum
321 1978 490 2027 auctorem
518 1962 680 2055 eliquanto
710 1961 897 2025 familiarius
925 1963 1025 2025 etism
1044 1961 1135 2027 Arati

105 2064 336 2133 scuouotsn
327 2090 364 2131 m
383 2069 554 2131 consilium
573 2066 767 2133 adhibuisse.
1182 2054 1184 2063 '

198 2152 237 2237 C
264 2190 295 2237 e.
336 2175 433 2257 longe
461 2174 641 2235 minutiore
669 2172 800 2254 Hygino
826 2140 966 2254 proebet.
1004 2165 1138 2256 insuper

105 2277 251 2343 auctoris
274 2291 368 2361 turpe
393 2291 538 2347 erratum
562 2279 647 2341 siros
664 2280 892 2343 narrationem·
903 2276 994 2339 'Arati
1013 2278 1053 2339 ds
1070 2278 1136 2339 He-

104 2384 175 2445 lice
198 2396 283 2445 recte
303 2383 422 2451 detexit
441 2385 609 2469 Koppiers.
630 2404 662 2468 p.
679 2404 720 2467 99
733 2403 800 2467 sq.,
824 2383 962 2450 violente
983 2384 1137 2447 emende-
1228 2422 1232 2429 -

105 2488 216 2560 tione,
236 2488 292 2547 sed
314 2488 431 2553 trustra
450 2491 609 2557 adiuncta·

201 2590 238 2651 G.
261 2591 291 2653 5.
335 2594 484 2674 Hyginus
506 2598 542 2655 in
562 2597 624 2655 fine
646 2595 804 2673 eliquanto
822 2590 942 2659 auctior
962 2605 1018 2655 est.

200 2694 236 2763 0.
257 2703 292 2774 tt.
330 2710 458 2761 mutato
479 2699 593 2759 ordine
612 2698 728 2780 Hygin.
743 2696 788 2770 11.
800 2695 840 2780 6,
861 2698 917 2780 qui
937 2716 1017 2779 quae
1038 2697 1141 2759 erudi·

102 2803 243 2872 tissime
254 2802 385 2887 profert,
405 2822 443 2863 ea
457 2804 568 2867 omnia
584 2817 694 2865 auctor
704 2803 1005 2889 Cateeterismorum
1018 2806 1140 2869 omisit.
1160 2790 1162 2795 ’

206 2908 244 2971 C.
264 2917 297 2988 5.
340 2927 386 2990 ap.
416 2898 538 2992 Hygin'.
567 2906 613 2985 11,
632 2907 664 2972 5.
705 2900 789 2998 Qus'
805 2909 926 2979 ratione
954 2924 1142 2993 personetur

102 3016 176 3085 iile
189 3014 413 3075 Eratosthenes
431 3016 468 3077 in
487 3016 582 3099 o‘pere
600 3034 660 3079 suo
680 3014 900 3081 concinnando
912 3008 1057 3075 versatus
1074 3014 1142 3076 fue·

103 3128 174 3199 tit,
197 3121 274 3191 setis
294 3121 467 3183 manifesto
486 3122 660 3204 perspicere
681 3120 931 3202 licetexemplor
955 3136 1035 3199 quae
1053 3116 1143 3183 enim
1201 3123 1202 3127 ’

98 3228 267 3312 Hyginus
288 3223 384 3287 hebet
399 3227 482 3289 inter
501 3214 646 3309 primum
674 3238 709 3287 et
737 3222 914 3287 secundum
932 3227 1143 3290 sententiam:

103 3334 190 3409 ned,
210 3345 249 3393 ut
270 3331 332 3407 sit,
354 3333 410 3412 qui
430 3331 553 3395 Cretica
575 3330 777 3415 conscripsit,
798 3348 862 3412 quo
885 3344 1030 3413 ternpore
1049 3330 1144 3395 Liber
1212 3350 1215 3356 ·

105 3440 162 3511 ad
182 3438 294 3501 Minoa
315 3438 425 3513 venit,
455 3438 597 3521 cogitans
617 3436 783 3501 Ariadnen
804 3438 1034 3521 comprimere,
1062 3436 1146 3499 hano
1222 3499 1228 3509 ,

107 3564 279 3613 cononem
299 3547 329 3606 ei
347 3546 479 3608 muneri
506 3545 592 3607 dedit
598 3560 609 3620 ς
637 3552 699 3629 que
727 3544 883 3607 delectato
899 3564 969 3605 non
987 3543 1146 3604 recusavit

112 3651 352 3726 conditionem
370 3652 488 3733 stupri:
516 3650 594 3711 haec
614 3653 714 3735 igitur
742 3653 852 3715 omnia
871 3651 992 3719 omisit.
1035 3647 1147 3709 Etiam

110 3750 249 3839 reliquo
273 3758 339 3821 fere
359 3756 399 3819 ab
420 3756 558 3841 Hygino
578 3758 715 3842 estrosits
735 3756 963 3821 desiderentur.

217 3862 257 3925 C.
278 3862 309 3925 6.
352 3864 472 3945 Hygin.
494 3862 539 3937 tt.
562 3866 612 3925 ro.
639 3863 846 3947 longe-plura
865 3863 1003 3943 praebet.

213 3967 248 4033 C.
271 3990 302 4051 7.
344 3968 381 4031 ab
398 3969 524 4053 Hygino
540 3968 586 4047 11,
597 3968 651 4041 26,
679 3970 747 4033 iere
763 3968 797 4031 in
812 3969 963 4057 empitius
985 3960 1148 4043 discrepet.
