2504 4612
123 235 168 300 ει
335 171 896 337 1οοτοε-σιετειοιτετιοί,

126 405 221 496 χοαῖσι
240 394 420 479 πιστειίειν,
440 400 495 468 ναὶ
513 387 574 472 τοὶς
600 398 710 472 αἰτίας
735 389 789 464 διοί
818 397 957 484 μοιρῶν
985 377 1146 480 α’ποδοιίς,
1185 418 1189 427 ’

126 514 160 582 «ll
179 513 219 591 δίς
240 505 319 580 οὐδὲ
338 503 540 583 πιστευτέον,
564 500 636 571 οἷον
655 503 818 590 περὶτῶν
848 496 932 572 τατοί
955 502 1019 574 τδν
1047 499 1147 576 Πόν-

125 642 186 690 τον
215 620 271 688 sat
295 608 358 683 τίν
383 607 540 696 Ἀδρίαν,
570 602 674 686 αιίτός
698 611 869 680 ἐπίστευσε
896 625 965 689 τοῖς
996 613 1189 703 τοχοιίσιΙΙ

17 800 22 805 ,
114 721 307 817 ·Τοιχαριοι
325 712 389 784 τδν
407 719 475 802 μὲν
495 710 643 784 Ἰσσινδν
672 712 842 784 τόλπον’
827 718 1019 813 επίοσεοοεν
1040 726 1189 811 grotta-l

126 830 274 906 νοίτατον
294 821 354 909 τῆς
373 817 453 890 ιαθ’
473 817 495 906 r‘
495 822 563 908 μᾶς
583 815 758 910 θαλιίττης
779 840 940 912 σημεῖον,
971 824 1033 892 τοῦ
1061 817 1150 891 τατοί
1185 830 1188 835 ’

125 922 410 1019 Διοςιιονριαδα
369 953 433 1015 την
442 936 479 997 ἐν
494 954 538 1019 τῳ
558 923 770 999 τοῠΙΙόντοο
791 957 886 1023 μοχῳ
875 926 1027 1022 ’σχεδόν
1041 956 1073 998 τι
1089 930 1150 997 καί

32 1102 43 1115 .
123 1040 306 1132 τριςχιλίοις
327 1035 472 1112 σταδίοις
492 1032 762 1122 intremisco*
740 1032 850 1119 ονσος,
871 1039 927 1106 ναί
949 1032 1019 1106 κατ’
1040 1031 1149 1107 αιίσδν

40 1174 44 1181 ’
123 1160 158 1222 ἓν
183 1146 246 1217 τοτ’
277 1142 485 1229 σσαδιασμοῠ
512 1135 555 1210 σο
583 1160 682 1228 φημ’
699 1143 770 1210 τοῦ
798 1168 836 1212 τε
862 1139 1001 1230 Ἀδρίου
1029 1144 1084 1211 ναί
1105 1135 1149 1210 τοί

116 1250 262 1347 -ιίρττιιοί
280 1251 336 1321 καὶ
355 1242 399 1317 τοί
421 1252 542 1339 ἔσχατα
563 1243 685 1326 διεξιοίν
699 1241 839 1326 οὐδενός
857 1244 1008 1338 ἀντέχεται
1021 1240 1151 1340 μνθτί-

126 1369 215 1442 em.
259 1358 469 1431 Πεπίοτεοτε
488 1354 524 1423 δὲ
547 1355 604 1431 ναί
621 1356 698 1441 περὶ
719 1358 786 1425 τῶν
807 1360 875 1437 ἔξω·
888 1356 1016 1442 στηλῶν
1037 1337 1171 1440 Ἡρα-Ι

123 1474 240 1544 κλείαν
260 1464 393 1539 πολλοῖς
404 1455 600 1547 ,μοθιίδεοη
615 1462 752 1548 Κέρνην
772 1488 809 1529 τε
829 1463 938 1549 νῆσον
952 1464 1005 1531 ταί
1023 1457 1151 1541 ἄλλους

122 1574 248 1652 τόπους
276 1560 572 1655 &emolumentis
596 1567 762 1653 μηδαμοῦ
787 1568 869 1636 νονί
895 1567 1148 1656 δακνομένους,

125 1689 200 1779 περὶ
221 1676 268 1752 οἷν
289 1669 571 1765 μνησθησόμεθα
592 1675 647 1740 ταί
670 1670 823 1760 ὕστερον.
865 1675 903 1742 Si
923 1678 1035 1762 paullo
1056 1680 1149 1740 cura·
1172 1732 1175 1737 .

122 1800 241 1860 tiorem
260 1785 451 1850 conditionis
472 1803 534 1864 qua
551 1782 747 1865 'geographia
771 1802 890 1871 regum
910 1783 1148 1847 Alexandrino-

122 1921 200 1966 rum
221 1884 569 1959 aetateEratosthenica
593 1885 759 1949 fruebatur
780 1890 932 1951 notitiam
954 1892 1015 1953 sibi
1033 1880 1152 1953 Strabo

125 2010 350 2089 comparasset,
369 1997 466 2055 iatam
490 1993 743 2076 disputationem
768 1993 983 2076 Hipparcheae
1017 1993 1149 2057 similli-

122 2130 217 2179 mam
235 2115 452 2171 reservaturus
474 2115 551 2165 erat
596 2101 682 2183 Quid
702 2102 794 2161 enim
812 2100 876 2164 hoc
898 2102 959 2163 sibi
978 2104 1061 2173 vult,
1093 2121 1148 2164 eo-

124 2237 202 2284 rum
229 2231 310 2295 quae
338 2218 443 2271 essent
471 2208 596 2269 saeculo
616 2207 780 2288 Augusteo
800 2207 868 2269 loca
887 2209 1151 2290 pervagatissima

125 2324 279 2387 idoneam
293 2332 363 2375 sese
376 2326 483 2374 tenere
495 2313 717 2392 cognitionem
732 2330 862 2392 negasse
876 2311 1152 2374 Eratosthenem?

125 2422 294 2506 eidemque
313 2420 467 2489 Pontum,
487 2415 759 2500 qui-Mithridatis
790 2417 927 2478 demunt
953 2415 1069 2496 Magni
1097 2437 1153 2476 re-

124 2536 187 2597 bus
207 2529 312 2617 gestis
323 2528 359 2588 in
379 2534 578 2585 sermonem(
592 2517 832 2604 peregrinarum
859 2524 1009 2604 gentium
1035 2539 1151 2601 perve-

126 2652 217 2703 nerat
236 2636 347 2699 minus
367 2647 466 2714 quam
487 2627 634 2690 Ciliciam
664 2643 871 2712 perspectum
896 2624 1017 2690 fuisse?
1044 2644 1081 2686 ao
1109 2630 1180 2690 de·

125 2747 223 2808 rebus
244 2736 424 2820 Hispanicis
444 2735 623 2815 Italicisque
646 2736 798 2807 fabulosa,
820 2748 901 2794 teste
922 2733 1070 2814 inprimis
1088 2733 1151 2815 Py.
1184 2730 1193 2783 ξ

126 2851 221 2919 thea,
240 2842 455 2912 recensuisse,
476 2858 553 2901 cum
576 2842 764 2919 praesertim
785 2859 802 2898 a
823 2839 926 2900 Cerne
946 2839 1151 2902 describenda
1191 2854 1193 2859 ·

67 2982 72 2987 ·
110 2979 169 3022 ,σε
190 2963 333 3016 auctores
355 2944 489 3024 quidem
508 2956 579 3024 post
608 2943 778 3007 Christum
804 2957 920 3005 natum
947 2964 1063 3006 manua
1092 2948 1149 3008 ab.
1182 2974 1186 2985 ·

126 3048 316 3127 atraxerint?
358 3048 469 3112 Immo
488 3047 635 3143 laudibus
655 3052 683 3109 si
703 3050 857 3110 iustitiam
884 3069 1025 3111 exercue
1053 3052 1150 3113 vole-

126 3172 182 3229 bat
211 3159 358 3224 Straboni
392 3156 467 3217 fides
502 3156 627 3215 summi
654 3154 835 3238 Geo'graphi
862 3169 928 3215 erat
953 3157 1168 3233 extollenda,.

99 3273 185 3352 'qul
214 3284 294 3348 quae
322 3260 455 3324 obscura
483 3260 543 3321 sibi
563 3274 669 3321 esseut
699 3259 813 3324 diserte
838 3260 1008 3335 indicaret,
1036 3262 1151 3327 credu-

127 3378 218 3438 litate
248 3370 346 3451 longe
372 3378 507 3427 semota.
570 3364 662 3427 Idem
697 3359 740 3427 de
775 3366 844 3427 aliis
875 3365 1061 3446 fragmentis
1098 3368 1148 3429 di·

130 3492 222 3543 otum
244 3485 324 3536 esto.

210 3575 338 3663 XXIX.
374 3576 481 3659 Pergit
508 3596 539 3657 p.
556 3574 612 3641 ¹48.
656 3565 776 3640 Είποίν
801 3597 838 3639 τε
867 3567 948 3648 τοιίς
975 3570 1147 3663 α’ρχαιοτοί·

100 3700 108 3775 ζ
128 3711 208 3765 τοος
228 3684 324 3753 πλεῖν
344 3681 399 3748 καί
421 3682 497 3755 (hoc
519 3680 704 3755 delendum,
725 3701 765 3743 ex
784 3679 922 3745 formula
943 3689 1034 3746 enim
1054 3685 1090 3748 τί
1106 3720 1148 3732 ...

130 3792 308 3886 ἧδοὶεπιλί
316 3789 454 3871 nequit.)
483 3777 565 3852 αατοί
597 3786 750 3869 ληοτειαν
776 3782 846 3867 tit
832 3789 993 3869 μπορίαν,
1015 3782 1065 3873 μή
1083 3814 1145 3855 πε-

127 3904 268 3990 λαχίζειν
295 3894 348 3975 δί,
378 3886 463 3958 οἷλλα
493 3915 582 3983 παρα
616 3892 697 3978 γῆν,
728 3884 881 3976 καθάπερ
909 3887 970 3959 τόν
996 3889 1146 3973 ’Incerto
1162 3938 1167 3947 ·

121 4005 227 4095 ὅνπερ
259 4005 315 4075 καί
346 3998 443 4089 μέχρι
470 3997 531 4082 τῆς
558 3991 742 4085 Ἀρμενίας
771 4000 824 4067 ταί
853 4000 986 4086 Μηδίας
1015 4004 1051 4067 ἐκ
1077 4000 1150 4067 τοῖν
