<?xml version="1.0" encoding="UTF-8"?>
<!DOCTYPE html PUBLIC "-//W3C//DTD XHTML 1.0 Transitional//EN"
    "http://www.w3.org/TR/xhtml1/DTD/xhtml1-transitional.dtd">
<html xmlns="http://www.w3.org/1999/xhtml" xml:lang="en" lang="en">
 <head>
  <title>
</title>
<meta http-equiv="Content-Type" content="text/html;charset=utf-8" />
  <meta name='ocr-system' content='tesseract 3.04.00' />
  <meta name='ocr-capabilities' content='ocr_page ocr_carea ocr_par ocr_line ocrx_word'/>
</head>
<body>
  <div class='ocr_page' id='page_1' title='image "./eratosthenica00eratgoog_0161.png"; bbox 0 0 2504 4612; ppageno 0'>
   <div class='ocr_carea' id='block_1_1' title="bbox 152 178 915 301">
    <p class='ocr_par' dir='ltr' id='par_1_1' title="bbox 152 178 915 301">
     <span class='ocr_line' id='line_1_1' title="bbox 152 178 915 301; baseline -0.005 -2"><span class='ocrx_word' id='word_1_1' title='bbox 152 178 221 301; x_wconf 69' lang='grc' dir='ltr'>ιιι</span> <span class='ocrx_word' id='word_1_2' title='bbox 398 228 539 297; x_wconf 77' lang='lat' dir='ltr'>orans</span> <span class='ocrx_word' id='word_1_3' title='bbox 568 193 915 299; x_wconf 78' lang='lat' dir='ltr'>uaruruarrcr.</span> 
     </span>
    </p>
   </div>
   <div class='ocr_carea' id='block_1_2' title="bbox 6 386 1200 4131">
    <p class='ocr_par' dir='ltr' id='par_1_2' title="bbox 6 386 1200 4071">
     <span class='ocr_line' id='line_1_2' title="bbox 12 386 1165 501; baseline -0.003 -33"><span class='ocrx_word' id='word_1_4' title='bbox 12 386 16 393; x_wconf 41' lang='lat'><em>⁶</em></span> <span class='ocrx_word' id='word_1_5' title='bbox 138 405 348 501; x_wconf 34' lang='lat' dir='ltr'>&#39;nantissime</span> <span class='ocrx_word' id='word_1_6' title='bbox 373 404 542 486; x_wconf 84' lang='lat' dir='ltr'>permixtas</span> <span class='ocrx_word' id='word_1_7' title='bbox 562 414 594 462; x_wconf 90' lang='lat' dir='ltr'>et</span> <span class='ocrx_word' id='word_1_8' title='bbox 622 405 826 487; x_wconf 84' lang='lat' dir='ltr'>interpolatas</span> <span class='ocrx_word' id='word_1_9' title='bbox 852 405 952 477; x_wconf 80' lang='lat' dir='ltr'>fuisse</span> <span class='ocrx_word' id='word_1_10' title='bbox 979 404 1031 466; x_wconf 83' lang='lat' dir='ltr'>vei</span> <span class='ocrx_word' id='word_1_11' title='bbox 1061 400 1165 467; x_wconf 79' lang='lat' dir='ltr'>indili-</span> 
     </span>
     <span class='ocr_line' id='line_1_3' title="bbox 137 506 1164 597; baseline -0.002 -23.988"><span class='ocrx_word' id='word_1_12' title='bbox 137 530 223 597; x_wconf 79' lang='lat' dir='ltr'>gena</span> <span class='ocrx_word' id='word_1_13' title='bbox 244 526 359 573; x_wconf 85' lang='lat' dir='ltr'>earum</span> <span class='ocrx_word' id='word_1_14' title='bbox 386 528 462 571; x_wconf 83' lang='lat' dir='ltr'>utus</span> <span class='ocrx_word' id='word_1_15' title='bbox 483 506 654 569; x_wconf 81' lang='lat' dir='ltr'>admonet.</span> <span class='ocrx_word' id='word_1_16' title='bbox 686 511 888 591; x_wconf 90' lang='lat' dir='ltr'>reperiuntur</span> <span class='ocrx_word' id='word_1_17' title='bbox 918 513 1033 592; x_wconf 85' lang='lat' dir='ltr'>quippe</span> <span class='ocrx_word' id='word_1_18' title='bbox 1068 512 1164 585; x_wconf 76' lang='lat' dir='ltr'>etiarn</span> 
     </span>
     <span class='ocr_line' id='line_1_4' title="bbox 142 613 1162 701; baseline -0.002 -24"><span class='ocrx_word' id='word_1_19' title='bbox 142 617 332 701; x_wconf 80' lang='lat' dir='ltr'>gravissima</span> <span class='ocrx_word' id='word_1_20' title='bbox 350 625 472 696; x_wconf 84' lang='lat' dir='ltr'>peccata</span> <span class='ocrx_word' id='word_1_21' title='bbox 492 624 524 671; x_wconf 91' lang='lat' dir='ltr'>et</span> <span class='ocrx_word' id='word_1_22' title='bbox 544 630 613 673; x_wconf 86' lang='lat' dir='ltr'>non</span> <span class='ocrx_word' id='word_1_23' title='bbox 632 613 814 677; x_wconf 79' lang='lat' dir='ltr'>mediocres</span> <span class='ocrx_word' id='word_1_24' title='bbox 828 617 1065 697; x_wconf 71' lang='lat' dir='ltr'>discrepantiae,</span> <span class='ocrx_word' id='word_1_25' title='bbox 1087 632 1162 697; x_wconf 87' lang='lat' dir='ltr'>quae</span> 
     </span>
     <span class='ocr_line' id='line_1_5' title="bbox 144 717 1162 789; baseline -0.002 -6"><span class='ocrx_word' id='word_1_26' title='bbox 144 722 183 783; x_wconf 87' lang='lat' dir='ltr'>ab</span> <span class='ocrx_word' id='word_1_27' title='bbox 212 720 337 783; x_wconf 87' lang='lat' dir='ltr'>emdito</span> <span class='ocrx_word' id='word_1_28' title='bbox 365 717 572 777; x_wconf 77' lang='lat' dir='ltr'>historiarum</span> <span class='ocrx_word' id='word_1_29' title='bbox 599 718 766 781; x_wconf 87' lang='lat' dir='ltr'>conditore</span> <span class='ocrx_word' id='word_1_30' title='bbox 801 722 937 783; x_wconf 84' lang='lat' dir='ltr'>admissa</span> <span class='ocrx_word' id='word_1_31' title='bbox 969 738 1037 781; x_wconf 84' lang='lat' dir='ltr'>esee</span> <span class='ocrx_word' id='word_1_32' title='bbox 1067 738 1162 789; x_wconf 81' lang='lat' dir='ltr'>nemo</span> 
     </span>
     <span class='ocr_line' id='line_1_6' title="bbox 141 818 1162 908; baseline -0.006 -17"><span class='ocrx_word' id='word_1_33' title='bbox 141 828 207 903; x_wconf 81' lang='lat' dir='ltr'>sibi¹</span> <span class='ocrx_word' id='word_1_34' title='bbox 218 823 418 908; x_wconf 71' lang='lat' dir='ltr'>persuaserit.</span> <span class='ocrx_word' id='word_1_35' title='bbox 447 818 491 882; x_wconf 87' lang='lat' dir='ltr'>Ut</span> <span class='ocrx_word' id='word_1_36' title='bbox 505 820 571 882; x_wconf 81' lang='lat' dir='ltr'>fab.</span> <span class='ocrx_word' id='word_1_37' title='bbox 588 820 659 884; x_wconf 87' lang='lat'><strong>125.</strong></span> <span class='ocrx_word' id='word_1_38' title='bbox 682 824 801 886; x_wconf 80' lang='lat' dir='ltr'>Aeolus</span> <span class='ocrx_word' id='word_1_39' title='bbox 817 826 978 907; x_wconf 80' lang='lat' dir='ltr'>Hippotae</span> <span class='ocrx_word' id='word_1_40' title='bbox 989 825 1074 887; x_wconf 83' lang='lat' dir='ltr'>filius</span> <span class='ocrx_word' id='word_1_41' title='bbox 1089 844 1162 885; x_wconf 86' lang='lat' dir='ltr'>cum</span> 
     </span>
     <span class='ocr_line' id='line_1_7' title="bbox 142 926 1162 1009; baseline -0.004 -16"><span class='ocrx_word' id='word_1_42' title='bbox 142 932 288 997; x_wconf 85' lang='lat' dir='ltr'>Hellenie</span> <span class='ocrx_word' id='word_1_43' title='bbox 317 940 394 989; x_wconf 90' lang='lat' dir='ltr'>nato</span> <span class='ocrx_word' id='word_1_44' title='bbox 424 926 653 1001; x_wconf 85' lang='lat' dir='ltr'>confunditur;</span> <span class='ocrx_word' id='word_1_45' title='bbox 682 929 706 990; x_wconf 81' lang='lat' dir='ltr'>f.</span> <span class='ocrx_word' id='word_1_46' title='bbox 725 928 778 1009; x_wconf 83' lang='lat'>67.</span> <span class='ocrx_word' id='word_1_47' title='bbox 799 930 1011 994; x_wconf 88' lang='lat' dir='ltr'>Menoeceum</span> <span class='ocrx_word' id='word_1_48' title='bbox 1029 931 1162 991; x_wconf 83' lang='lat' dir='ltr'>Jocattae</span> 
     </span>
     <span class='ocr_line' id='line_1_8' title="bbox 139 1021 1162 1120; baseline 0.001 -25"><span class='ocrx_word' id='word_1_49' title='bbox 139 1050 267 1120; x_wconf 85' lang='lat' dir='ltr'>patrem</span> <span class='ocrx_word' id='word_1_50' title='bbox 298 1052 355 1115; x_wconf 87' lang='lat' dir='ltr'>pro</span> <span class='ocrx_word' id='word_1_51' title='bbox 395 1021 542 1095; x_wconf 83' lang='lat' dir='ltr'>Creontis</span> <span class='ocrx_word' id='word_1_52' title='bbox 577 1034 642 1095; x_wconf 86' lang='lat' dir='ltr'>tilio</span> <span class='ocrx_word' id='word_1_53' title='bbox 672 1037 864 1117; x_wconf 86' lang='lat' dir='ltr'>cognomine</span> <span class='ocrx_word' id='word_1_54' title='bbox 899 1036 1049 1114; x_wconf 82' lang='lat' dir='ltr'>adhibet,</span> <span class='ocrx_word' id='word_1_55' title='bbox 1081 1034 1162 1119; x_wconf 89' lang='lat' dir='ltr'>quod</span> 
     </span>
     <span class='ocr_line' id='line_1_9' title="bbox 135 1126 1159 1219; baseline 0.002 -20"><span class='ocrx_word' id='word_1_56' title='bbox 135 1139 342 1217; x_wconf 70' lang='lat' dir='ltr'>Munclteruc</span> <span class='ocrx_word' id='word_1_57' title='bbox 356 1138 473 1199; x_wconf 80' lang='lat' dir='ltr'>irrrstra</span> <span class='ocrx_word' id='word_1_58' title='bbox 495 1136 635 1201; x_wconf 83' lang='lat' dir='ltr'>defendit</span> <span class='ocrx_word' id='word_1_59' title='bbox 656 1126 745 1201; x_wconf 74' lang='lat' dir='ltr'>allata</span> <span class='ocrx_word' id='word_1_60' title='bbox 767 1139 916 1219; x_wconf 64' lang='lat' dir='ltr'>fausta,</span> <span class='ocrx_word' id='word_1_61' title='bbox 936 1144 992 1202; x_wconf 91' lang='lat' dir='ltr'>ubi</span> <span class='ocrx_word' id='word_1_62' title='bbox 1013 1143 1104 1203; x_wconf 90' lang='lat' dir='ltr'>idem</span> <span class='ocrx_word' id='word_1_63' title='bbox 1116 1142 1159 1201; x_wconf 81' lang='lat' dir='ltr'>ri·</span> 
     </span>
     <span class='ocr_line' id='line_1_10' title="bbox 139 1232 1162 1325; baseline 0.002 -17"><span class='ocrx_word' id='word_1_64' title='bbox 139 1247 226 1308; x_wconf 87' lang='lat' dir='ltr'>tium</span> <span class='ocrx_word' id='word_1_65' title='bbox 250 1245 407 1307; x_wconf 72' lang='lat' dir='ltr'>occurriti</span> <span class='ocrx_word' id='word_1_66' title='bbox 436 1245 459 1305; x_wconf 82' lang='lat' dir='ltr'>i.</span> <span class='ocrx_word' id='word_1_67' title='bbox 484 1248 559 1309; x_wconf 79' lang='lat'>240.</span> <span class='ocrx_word' id='word_1_68' title='bbox 586 1243 882 1325; x_wconf 74' lang='lat' dir='ltr'>Clytaemnestram</span> <span class='ocrx_word' id='word_1_69' title='bbox 903 1245 1027 1309; x_wconf 84' lang='lat' dir='ltr'>Thestii</span> <span class='ocrx_word' id='word_1_70' title='bbox 1056 1232 1162 1319; x_wconf 72' lang='lat' dir='ltr'>filiunt,</span> 
     </span>
     <span class='ocr_line' id='line_1_11' title="bbox 135 1332 1158 1433; baseline -0.006 -16"><span class='ocrx_word' id='word_1_71' title='bbox 135 1353 249 1427; x_wconf 62' lang='lat' dir='ltr'>,henas</span> <span class='ocrx_word' id='word_1_72' title='bbox 268 1350 292 1415; x_wconf 85' lang='lat' dir='ltr'>f.</span> <span class='ocrx_word' id='word_1_73' title='bbox 309 1368 359 1432; x_wconf 74' lang='grc' dir='ltr'>ῃ.</span> <span class='ocrx_word' id='word_1_74' title='bbox 383 1364 416 1412; x_wconf 90' lang='lat' dir='ltr'>et</span> <span class='ocrx_word' id='word_1_75' title='bbox 438 1353 489 1432; x_wconf 77' lang='lat'>78.</span> <span class='ocrx_word' id='word_1_76' title='bbox 503 1346 574 1413; x_wconf 81' lang='lat' dir='ltr'>¹dici</span> <span class='ocrx_word' id='word_1_77' title='bbox 604 1332 792 1433; x_wconf 83' lang='lat' dir='ltr'>reperimus.</span> <span class='ocrx_word' id='word_1_78' title='bbox 816 1350 856 1415; x_wconf 84' lang='lat' dir='ltr'>cf.</span> <span class='ocrx_word' id='word_1_79' title='bbox 878 1350 900 1411; x_wconf 76' lang='lat' dir='ltr'>f.</span> <span class='ocrx_word' id='word_1_80' title='bbox 921 1372 990 1433; x_wconf 81' lang='lat'><strong>¹77·</strong></span> <span class='ocrx_word' id='word_1_81' title='bbox 1013 1367 1048 1413; x_wconf 91' lang='lat' dir='ltr'>et</span> <span class='ocrx_word' id='word_1_82' title='bbox 1069 1355 1107 1416; x_wconf 91' lang='lat' dir='ltr'>P.</span> <span class='ocrx_word' id='word_1_83' title='bbox 1125 1350 1158 1413; x_wconf 77' lang='grc' dir='ltr'>Δ.</span> 
     </span>
     <span class='ocr_line' id='line_1_12' title="bbox 81 1455 1160 1541; baseline 0 -22"><span class='ocrx_word' id='word_1_84' title='bbox 81 1475 86 1488; x_wconf 88' lang='grc'><em>·</em></span> <span class='ocrx_word' id='word_1_85' title='bbox 134 1458 203 1533; x_wconf 79' lang='lat'>111,</span> <span class='ocrx_word' id='word_1_86' title='bbox 226 1478 255 1519; x_wconf 92' lang='grc' dir='ltr'>ι.</span> <span class='ocrx_word' id='word_1_87' title='bbox 297 1455 388 1540; x_wconf 83' lang='lat' dir='ltr'>Quae</span> <span class='ocrx_word' id='word_1_88' title='bbox 417 1460 529 1519; x_wconf 86' lang='lat' dir='ltr'>omnia</span> <span class='ocrx_word' id='word_1_89' title='bbox 557 1458 757 1517; x_wconf 86' lang='lat' dir='ltr'>succedente·</span> <span class='ocrx_word' id='word_1_90' title='bbox 772 1457 909 1521; x_wconf 85' lang='lat' dir='ltr'>demum</span> <span class='ocrx_word' id='word_1_91' title='bbox 929 1471 1078 1538; x_wconf 86' lang='lat' dir='ltr'>tempore</span> <span class='ocrx_word' id='word_1_92' title='bbox 1100 1476 1160 1541; x_wconf 86' lang='lat' dir='ltr'>per·</span> 
     </span>
     <span class='ocr_line' id='line_1_13' title="bbox 138 1560 1161 1645; baseline -0.005 -17"><span class='ocrx_word' id='word_1_93' title='bbox 138 1567 223 1628; x_wconf 75' lang='lat' dir='ltr'>fecta</span> <span class='ocrx_word' id='word_1_94' title='bbox 242 1560 341 1623; x_wconf 71' lang='lat' dir='ltr'>fuuse</span> <span class='ocrx_word' id='word_1_95' title='bbox 360 1574 460 1641; x_wconf 85' lang='lat' dir='ltr'>patet:</span> <span class='ocrx_word' id='word_1_96' title='bbox 488 1560 625 1643; x_wconf 79' lang='lat' dir='ltr'>proinde</span> <span class='ocrx_word' id='word_1_97' title='bbox 652 1564 796 1643; x_wconf 80' lang='lat' dir='ltr'>quaestio</span> <span class='ocrx_word' id='word_1_98' title='bbox 825 1563 864 1624; x_wconf 89' lang='lat' dir='ltr'>de</span> <span class='ocrx_word' id='word_1_99' title='bbox 891 1562 1067 1645; x_wconf 81' lang='lat' dir='ltr'>Hyginiani</span> <span class='ocrx_word' id='word_1_100' title='bbox 1093 1563 1161 1625; x_wconf 82' lang='lat' dir='ltr'>iibri</span> 
     </span>
     <span class='ocr_line' id='line_1_14' title="bbox 6 1664 1163 1749; baseline -0.003 -18"><span class='ocrx_word' id='word_1_101' title='bbox 6 1732 13 1743; x_wconf 79' lang='grc'><em>,</em></span> <span class='ocrx_word' id='word_1_102' title='bbox 138 1681 241 1732; x_wconf 83' lang='lat' dir='ltr'>aetate</span> <span class='ocrx_word' id='word_1_103' title='bbox 255 1684 488 1748; x_wconf 74' lang='lat' dir='ltr'>supervacanea</span> <span class='ocrx_word' id='word_1_104' title='bbox 504 1678 563 1727; x_wconf 82' lang='lat' dir='ltr'>eet.</span> <span class='ocrx_word' id='word_1_105' title='bbox 609 1664 721 1728; x_wconf 87' lang='lat' dir='ltr'>Immo</span> <span class='ocrx_word' id='word_1_106' title='bbox 742 1665 832 1727; x_wconf 84' lang='lat' dir='ltr'>aliud</span> <span class='ocrx_word' id='word_1_107' title='bbox 852 1667 1163 1749; x_wconf 83' lang='lat' dir='ltr'>indagandumerat,</span> 
     </span>
     <span class='ocr_line' id='line_1_15' title="bbox 136 1752 1164 1852; baseline -0.006 -15"><span class='ocrx_word' id='word_1_108' title='bbox 136 1774 226 1837; x_wconf 87' lang='lat' dir='ltr'>unde</span> <span class='ocrx_word' id='word_1_109' title='bbox 248 1784 334 1831; x_wconf 88' lang='lat' dir='ltr'>tanta</span> <span class='ocrx_word' id='word_1_110' title='bbox 355 1770 518 1852; x_wconf 79' lang='lat' dir='ltr'>dissipatio</span> <span class='ocrx_word' id='word_1_111' title='bbox 538 1785 573 1833; x_wconf 90' lang='lat' dir='ltr'>et</span> <span class='ocrx_word' id='word_1_112' title='bbox 593 1772 771 1851; x_wconf 84' lang='lat' dir='ltr'>corruptela</span> <span class='ocrx_word' id='word_1_113' title='bbox 790 1792 870 1834; x_wconf 87' lang='lat' dir='ltr'>eum</span> <span class='ocrx_word' id='word_1_114' title='bbox 882 1777 1063 1839; x_wconf 83' lang='lat' dir='ltr'>invasisset.</span> <span class='ocrx_word' id='word_1_115' title='bbox 1093 1752 1164 1835; x_wconf 78' lang='lat' dir='ltr'>&#39;tttc</span> 
     </span>
     <span class='ocr_line' id='line_1_16' title="bbox 136 1876 1165 1963; baseline 0.002 -21"><span class='ocrx_word' id='word_1_116' title='bbox 136 1881 237 1963; x_wconf 73' lang='lat' dir='ltr'>igitur</span> <span class='ocrx_word' id='word_1_117' title='bbox 255 1876 428 1938; x_wconf 88' lang='lat' dir='ltr'>commode</span> <span class='ocrx_word' id='word_1_118' title='bbox 449 1876 570 1949; x_wconf 82' lang='lat' dir='ltr'>evenit,</span> <span class='ocrx_word' id='word_1_119' title='bbox 591 1887 629 1936; x_wconf 90' lang='lat' dir='ltr'>ut</span> <span class='ocrx_word' id='word_1_120' title='bbox 648 1877 764 1937; x_wconf 87' lang='lat' dir='ltr'>notitia</span> <span class='ocrx_word' id='word_1_121' title='bbox 784 1876 947 1953; x_wconf 91' lang='lat' dir='ltr'>Dosithei,</span> <span class='ocrx_word' id='word_1_122' title='bbox 966 1883 1021 1962; x_wconf 83' lang='lat' dir='ltr'>qui</span> <span class='ocrx_word' id='word_1_123' title='bbox 1043 1878 1165 1943; x_wconf 83' lang='lat' dir='ltr'>Genet-</span> 
     </span>
     <span class='ocr_line' id='line_1_17' title="bbox 136 1980 1167 2073; baseline 0.004 -27"><span class='ocrx_word' id='word_1_124' title='bbox 136 1986 257 2069; x_wconf 79' lang='lat' dir='ltr'>logiam</span> <span class='ocrx_word' id='word_1_125' title='bbox 278 1980 404 2065; x_wconf 84' lang='lat' dir='ltr'>Hygini</span> <span class='ocrx_word' id='word_1_126' title='bbox 426 1980 579 2041; x_wconf 86' lang='lat' dir='ltr'>Graecam</span> <span class='ocrx_word' id='word_1_127' title='bbox 600 1983 635 2042; x_wconf 89' lang='lat' dir='ltr'>iu</span> <span class='ocrx_word' id='word_1_128' title='bbox 657 1983 1012 2073; x_wconf 55' lang='lat' dir='ltr'>enumerationis,</span> <span class='ocrx_word' id='word_1_129' title='bbox 1042 1987 1084 2046; x_wconf 86' lang='lat' dir='ltr'>ad</span> <span class='ocrx_word' id='word_1_130' title='bbox 1097 2004 1167 2063; x_wconf 57' lang='lat' dir='ltr'>,noe</span> 
     </span>
     <span class='ocr_line' id='line_1_18' title="bbox 135 2085 1200 2177; baseline 0.003 -27"><span class='ocrx_word' id='word_1_131' title='bbox 135 2087 331 2174; x_wconf 83' lang='lat' dir='ltr'>pervenerit,</span> <span class='ocrx_word' id='word_1_132' title='bbox 359 2088 507 2169; x_wconf 86' lang='lat' dir='ltr'>primum</span> <span class='ocrx_word' id='word_1_133' title='bbox 527 2105 545 2146; x_wconf 90' lang='lat' dir='ltr'>a</span> <span class='ocrx_word' id='word_1_134' title='bbox 565 2085 739 2149; x_wconf 85' lang='lat' dir='ltr'>Stavereno</span> <span class='ocrx_word' id='word_1_135' title='bbox 768 2090 905 2153; x_wconf 84' lang='lat' dir='ltr'>Miscell.</span> <span class='ocrx_word' id='word_1_136' title='bbox 934 2087 1061 2150; x_wconf 85' lang='lat' dir='ltr'>Observ.</span> <span class='ocrx_word' id='word_1_137' title='bbox 1097 2088 1170 2161; x_wconf 86' lang='lat' dir='ltr'>tx.</span> <span class='ocrx_word' id='word_1_138' title='bbox 1189 2136 1200 2177; x_wconf 28' lang='grc' dir='ltr'>Ι,</span> 
     </span>
     <span class='ocr_line' id='line_1_19' title="bbox 137 2178 1172 2279; baseline 0.002 -22"><span class='ocrx_word' id='word_1_139' title='bbox 137 2198 168 2261; x_wconf 81' lang='lat'>3.</span> <span class='ocrx_word' id='word_1_140' title='bbox 199 2218 229 2279; x_wconf 86' lang='lat' dir='ltr'>p.</span> <span class='ocrx_word' id='word_1_141' title='bbox 244 2193 318 2259; x_wconf 75' lang='lat'>413.</span> <span class='ocrx_word' id='word_1_142' title='bbox 350 2210 417 2275; x_wconf 78' lang='lat' dir='ltr'>sqq.</span> <span class='ocrx_word' id='word_1_143' title='bbox 447 2192 621 2275; x_wconf 81' lang='lat' dir='ltr'>proposita,</span> <span class='ocrx_word' id='word_1_144' title='bbox 652 2210 732 2255; x_wconf 87' lang='lat' dir='ltr'>mox</span> <span class='ocrx_word' id='word_1_145' title='bbox 765 2194 947 2275; x_wconf 82' lang='lat' dir='ltr'>diligentius</span> <span class='ocrx_word' id='word_1_146' title='bbox 979 2178 1172 2274; x_wconf 56' lang='lat' dir='ltr'>explicitae</span> 
     </span>
     <span class='ocr_line' id='line_1_20' title="bbox 107 2282 1167 2381; baseline 0.002 -20"><span class='ocrx_word' id='word_1_147' title='bbox 107 2282 350 2369; x_wconf 54' lang='grc' dir='ltr'>Ι’Βιίἰιὶιιιιιιὶιι</span> <span class='ocrx_word' id='word_1_148' title='bbox 375 2296 489 2358; x_wconf 69' lang='lat' dir='ltr'>ssadem</span> <span class='ocrx_word' id='word_1_149' title='bbox 519 2295 655 2359; x_wconf 80' lang='lat' dir='ltr'>Observ.</span> <span class='ocrx_word' id='word_1_150' title='bbox 684 2295 728 2361; x_wconf 85' lang='lat' dir='ltr'>X.</span> <span class='ocrx_word' id='word_1_151' title='bbox 763 2319 789 2357; x_wconf 87' lang='lat'>1.</span> <span class='ocrx_word' id='word_1_152' title='bbox 818 2319 851 2379; x_wconf 90' lang='lat' dir='ltr'>p.</span> <span class='ocrx_word' id='word_1_153' title='bbox 874 2300 944 2359; x_wconf 82' lang='lat'><strong>108.</strong></span> <span class='ocrx_word' id='word_1_154' title='bbox 974 2318 1044 2380; x_wconf 79' lang='lat' dir='ltr'>sqq.</span> <span class='ocrx_word' id='word_1_155' title='bbox 1083 2304 1167 2381; x_wconf 83' lang='lat' dir='ltr'>(eive</span> 
     </span>
     <span class='ocr_line' id='line_1_21' title="bbox 137 2392 1168 2489; baseline -0.003 -20"><span class='ocrx_word' id='word_1_156' title='bbox 137 2406 255 2489; x_wconf 87' lang='lat' dir='ltr'>Opuec.</span> <span class='ocrx_word' id='word_1_157' title='bbox 277 2403 304 2465; x_wconf 89' lang='lat'>1.</span> <span class='ocrx_word' id='word_1_158' title='bbox 325 2400 443 2485; x_wconf 55' lang='lat' dir='ltr'>pao,</span> <span class='ocrx_word' id='word_1_159' title='bbox 466 2406 547 2485; x_wconf 82' lang='lat' dir='ltr'>sqq.)</span> <span class='ocrx_word' id='word_1_160' title='bbox 567 2404 638 2464; x_wconf 82' lang='lat' dir='ltr'>lam</span> <span class='ocrx_word' id='word_1_161' title='bbox 657 2400 893 2473; x_wconf 72' lang='lat' dir='ltr'>Grammaticus</span> <span class='ocrx_word' id='word_1_162' title='bbox 916 2401 957 2460; x_wconf 84' lang='lat' dir='ltr'>de</span> <span class='ocrx_word' id='word_1_163' title='bbox 983 2392 1168 2484; x_wconf 59' lang='lat' dir='ltr'>opereque</span> 
     </span>
     <span class='ocr_line' id='line_1_22' title="bbox 136 2500 1166 2599; baseline 0.003 -26"><span class='ocrx_word' id='word_1_164' title='bbox 136 2515 180 2575; x_wconf 86' lang='lat' dir='ltr'>ita</span> <span class='ocrx_word' id='word_1_165' title='bbox 209 2509 355 2573; x_wconf 78' lang='lat' dir='ltr'>diruerit:</span> <span class='ocrx_word' id='word_1_166' title='bbox 376 2540 419 2554; x_wconf 91' lang='lat'>-</span> <span class='ocrx_word' id='word_1_167' title='bbox 468 2500 602 2592; x_wconf 73' lang='lat' dir='ltr'>‘Yytsoo</span> <span class='ocrx_word' id='word_1_168' title='bbox 631 2504 853 2592; x_wconf 74' lang='grc' dir='ltr'>Γενεαλιγίαν</span> <span class='ocrx_word' id='word_1_169' title='bbox 876 2504 979 2573; x_wconf 78' lang='grc' dir='ltr'>πᾶσιν</span> <span class='ocrx_word' id='word_1_170' title='bbox 1006 2504 1166 2599; x_wconf 59' lang='grc' dir='ltr'>γνωστὴ,</span> 
     </span>
     <span class='ocr_line' id='line_1_23' title="bbox 6 2603 1166 2705; baseline 0.004 -27"><span class='ocrx_word' id='word_1_171' title='bbox 6 2662 10 2667; x_wconf 92' lang='grc'>-</span> <span class='ocrx_word' id='word_1_172' title='bbox 135 2615 349 2705; x_wconf 69' lang='grc' dir='ltr'>μιτὲγραψιι,</span> <span class='ocrx_word' id='word_1_173' title='bbox 369 2615 407 2679; x_wconf 79' lang='grc' dir='ltr'>ἐν</span> <span class='ocrx_word' id='word_1_174' title='bbox 426 2603 451 2702; x_wconf 73' lang='grc' dir='ltr'><em>ᾖ</em></span> <span class='ocrx_word' id='word_1_175' title='bbox 470 2614 605 2679; x_wconf 78' lang='grc' dir='ltr'>ἔσονται</span> <span class='ocrx_word' id='word_1_176' title='bbox 623 2610 774 2687; x_wconf 75' lang='grc' dir='ltr'>πλείονες</span> <span class='ocrx_word' id='word_1_177' title='bbox 794 2611 935 2697; x_wconf 76' lang='grc' dir='ltr'><strong><em>ἱστορίαι</em></strong></span> <span class='ocrx_word' id='word_1_178' title='bbox 960 2610 1166 2705; x_wconf 60' lang='grc' dir='ltr'>διερμηνεύ-</span> 
     </span>
     <span class='ocr_line' id='line_1_24' title="bbox 134 2708 1164 2807; baseline -0.005 -20"><span class='ocrx_word' id='word_1_179' title='bbox 134 2722 237 2806; x_wconf 72' lang='grc' dir='ltr'>μέναι</span> <span class='ocrx_word' id='word_1_180' title='bbox 260 2724 299 2787; x_wconf 68' lang='grc' dir='ltr'>ὃν</span> <span class='ocrx_word' id='word_1_181' title='bbox 330 2708 511 2807; x_wconf 50' lang='grc' dir='ltr'>τοὺιῷιῷ</span> <span class='ocrx_word' id='word_1_182' title='bbox 539 2717 657 2804; x_wconf 76' lang='grc' dir='ltr'>βιβλίῳ</span> <span class='ocrx_word' id='word_1_183' title='bbox 663 2745 677 2799; x_wconf 82' lang='lat'><em>3</em></span> <span class='ocrx_word' id='word_1_184' title='bbox 708 2722 807 2803; x_wconf 79' lang='lat' dir='ltr'>igitur</span> <span class='ocrx_word' id='word_1_185' title='bbox 836 2722 1049 2805; x_wconf 87' lang='lat' dir='ltr'>Genealogiae</span> <span class='ocrx_word' id='word_1_186' title='bbox 1070 2747 1164 2791; x_wconf 82' lang='lat' dir='ltr'>com.</span> 
     </span>
     <span class='ocr_line' id='line_1_25' title="bbox 132 2826 1166 2911; baseline 0.007 -22"><span class='ocrx_word' id='word_1_187' title='bbox 132 2828 241 2910; x_wconf 86' lang='lat' dir='ltr'>plures</span> <span class='ocrx_word' id='word_1_188' title='bbox 264 2843 334 2886; x_wconf 83' lang='lat' dir='ltr'>sese</span> <span class='ocrx_word' id='word_1_189' title='bbox 356 2826 503 2911; x_wconf 74' lang='lat' dir='ltr'>historiae</span> <span class='ocrx_word' id='word_1_190' title='bbox 523 2826 729 2886; x_wconf 81' lang='lat' dir='ltr'>convertisse.</span> <span class='ocrx_word' id='word_1_191' title='bbox 772 2828 866 2889; x_wconf 89' lang='lat' dir='ltr'>Hisce</span> <span class='ocrx_word' id='word_1_192' title='bbox 894 2827 959 2887; x_wconf 91' lang='lat' dir='ltr'>duo</span> <span class='ocrx_word' id='word_1_193' title='bbox 991 2830 1166 2895; x_wconf 82' lang='lat' dir='ltr'>lucramur</span> 
     </span>
     <span class='ocr_line' id='line_1_26' title="bbox 134 2926 1167 3013; baseline 0.003 -16"><span class='ocrx_word' id='word_1_194' title='bbox 134 2926 314 3013; x_wconf 69' lang='lat' dir='ltr'>observate,</span> <span class='ocrx_word' id='word_1_195' title='bbox 332 2930 417 2991; x_wconf 85' lang='lat' dir='ltr'>haud</span> <span class='ocrx_word' id='word_1_196' title='bbox 438 2946 513 2993; x_wconf 84' lang='lat' dir='ltr'>sane</span> <span class='ocrx_word' id='word_1_197' title='bbox 540 2926 636 2987; x_wconf 86' lang='lat' dir='ltr'>nihili</span> <span class='ocrx_word' id='word_1_198' title='bbox 664 2926 841 3009; x_wconf 86' lang='lat' dir='ltr'>pendenda.</span> <span class='ocrx_word' id='word_1_199' title='bbox 882 2932 1035 3011; x_wconf 81' lang='lat' dir='ltr'>Primum</span> <span class='ocrx_word' id='word_1_200' title='bbox 1063 2936 1167 3003; x_wconf 85' lang='lat' dir='ltr'>libros</span> 
     </span>
     <span class='ocr_line' id='line_1_27' title="bbox 46 3031 1163 3129; baseline 0.002 -26"><span class='ocrx_word' id='word_1_201' title='bbox 46 3096 50 3111; x_wconf 84' lang='lat'>,</span> <span class='ocrx_word' id='word_1_202' title='bbox 134 3038 256 3122; x_wconf 83' lang='lat' dir='ltr'>Hygini</span> <span class='ocrx_word' id='word_1_203' title='bbox 269 3037 498 3129; x_wconf 71' lang='lat' dir='ltr'>genealogium,</span> <span class='ocrx_word' id='word_1_204' title='bbox 507 3031 595 3119; x_wconf 87' lang='lat' dir='ltr'>quod</span> <span class='ocrx_word' id='word_1_205' title='bbox 609 3032 724 3094; x_wconf 88' lang='lat' dir='ltr'>deinde</span> <span class='ocrx_word' id='word_1_206' title='bbox 741 3036 916 3114; x_wconf 86' lang='lat' dir='ltr'>perniciem</span> <span class='ocrx_word' id='word_1_207' title='bbox 927 3041 966 3099; x_wconf 86' lang='lat' dir='ltr'>iis</span> <span class='ocrx_word' id='word_1_208' title='bbox 978 3040 1106 3119; x_wconf 88' lang='lat' dir='ltr'>intulit,</span> <span class='ocrx_word' id='word_1_209' title='bbox 1123 3046 1163 3107; x_wconf 87' lang='lat' dir='ltr'>ab</span> 
     </span>
     <span class='ocr_line' id='line_1_28' title="bbox 135 3137 1163 3235; baseline 0.008 -31"><span class='ocrx_word' id='word_1_210' title='bbox 135 3143 288 3205; x_wconf 78' lang='lat' dir='ltr'>ornnibue</span> <span class='ocrx_word' id='word_1_211' title='bbox 309 3142 387 3207; x_wconf 84' lang='lat' dir='ltr'>adeo</span> <span class='ocrx_word' id='word_1_212' title='bbox 408 3142 505 3235; x_wconf 77' lang='lat' dir='ltr'>fuisse</span> <span class='ocrx_word' id='word_1_213' title='bbox 532 3142 643 3215; x_wconf 88' lang='lat' dir='ltr'>tritos,</span> <span class='ocrx_word' id='word_1_214' title='bbox 663 3152 702 3199; x_wconf 88' lang='lat' dir='ltr'>ut</span> <span class='ocrx_word' id='word_1_215' title='bbox 721 3137 890 3202; x_wconf 89' lang='lat' dir='ltr'>Graecus</span> <span class='ocrx_word' id='word_1_216' title='bbox 880 3156 939 3205; x_wconf 85' lang='lat' dir='ltr'>rste</span> <span class='ocrx_word' id='word_1_217' title='bbox 959 3144 1163 3228; x_wconf 76' lang='lat' dir='ltr'>magietdius</span> 
     </span>
     <span class='ocr_line' id='line_1_29' title="bbox 123 3228 1163 3343; baseline 0.012 -40"><span class='ocrx_word' id='word_1_218' title='bbox 123 3228 299 3309; x_wconf 52' lang='lat' dir='ltr'>&#39;donaverit</span> <span class='ocrx_word' id='word_1_219' title='bbox 324 3266 476 3311; x_wconf 85' lang='lat' dir='ltr'>sermone</span> <span class='ocrx_word' id='word_1_220' title='bbox 502 3246 688 3343; x_wconf 81' lang='lat' dir='ltr'>vernaculo,</span> <span class='ocrx_word' id='word_1_221' title='bbox 723 3244 811 3327; x_wconf 84' lang='lat' dir='ltr'>quod</span> <span class='ocrx_word' id='word_1_222' title='bbox 831 3266 898 3322; x_wconf 85' lang='lat' dir='ltr'>non</span> <span class='ocrx_word' id='word_1_223' title='bbox 927 3254 1163 3335; x_wconf 83' lang='lat' dir='ltr'>exercitationis</span> 
     </span>
     <span class='ocr_line' id='line_1_30' title="bbox 136 3338 1163 3445; baseline 0.011 -39"><span class='ocrx_word' id='word_1_224' title='bbox 136 3365 246 3409; x_wconf 82' lang='lat' dir='ltr'>causes</span> <span class='ocrx_word' id='word_1_225' title='bbox 256 3387 267 3423; x_wconf 95' lang='lat'>,</span> <span class='ocrx_word' id='word_1_226' title='bbox 294 3352 380 3411; x_wconf 82' lang='lat' dir='ltr'>sed</span> <span class='ocrx_word' id='word_1_227' title='bbox 370 3372 406 3413; x_wconf 90' lang='grc' dir='ltr'>ιιι</span> <span class='ocrx_word' id='word_1_228' title='bbox 432 3354 542 3432; x_wconf 84' lang='lat' dir='ltr'>ipsum</span> <span class='ocrx_word' id='word_1_229' title='bbox 560 3338 737 3433; x_wconf 85' lang='lat' dir='ltr'>puerorum</span> <span class='ocrx_word' id='word_1_230' title='bbox 752 3368 852 3423; x_wconf 76' lang='lat' dir='ltr'>neum</span> <span class='ocrx_word' id='word_1_231' title='bbox 872 3351 997 3417; x_wconf 82' lang='lat' dir='ltr'>facnrm</span> <span class='ocrx_word' id='word_1_232' title='bbox 1003 3360 1163 3445; x_wconf 72' lang='lat' dir='ltr'>apparet.</span> 
     </span>
     <span class='ocr_line' id='line_1_31' title="bbox 131 3450 1162 3535; baseline 0.016 -22"><span class='ocrx_word' id='word_1_233' title='bbox 131 3452 231 3513; x_wconf 80' lang='lat' dir='ltr'>Recte</span> <span class='ocrx_word' id='word_1_234' title='bbox 253 3452 527 3535; x_wconf 69' lang='lat' dir='ltr'>Valckenariusp</span> <span class='ocrx_word' id='word_1_235' title='bbox 543 3475 614 3515; x_wconf 87' lang='grc' dir='ltr'>ιιι.</span> <span class='ocrx_word' id='word_1_236' title='bbox 639 3450 746 3529; x_wconf 73' lang='lat' dir='ltr'>(alto.)</span> <span class='ocrx_word' id='word_1_237' title='bbox 771 3457 915 3515; x_wconf 85' lang='lat' dir='ltr'>omnia</span> <span class='ocrx_word' id='word_1_238' title='bbox 939 3458 1096 3525; x_wconf 85' lang='lat' dir='ltr'>Graece</span> <span class='ocrx_word' id='word_1_239' title='bbox 1117 3480 1162 3529; x_wconf 87' lang='lat' dir='ltr'>et</span> 
     </span>
     <span class='ocr_line' id='line_1_32' title="bbox 131 3556 1160 3641; baseline 0.006 -22"><span class='ocrx_word' id='word_1_240' title='bbox 131 3556 278 3619; x_wconf 78' lang='lat' dir='ltr'>Latine</span> <span class='ocrx_word' id='word_1_241' title='bbox 297 3560 525 3641; x_wconf 78' lang='lat' dir='ltr'>amagietro</span> <span class='ocrx_word' id='word_1_242' title='bbox 546 3562 785 3640; x_wconf 71' lang='lat' dir='ltr'>conscripta</span> <span class='ocrx_word' id='word_1_243' title='bbox 803 3564 944 3640; x_wconf 82' lang='lat' dir='ltr'>pueris</span> <span class='ocrx_word' id='word_1_244' title='bbox 966 3568 1160 3633; x_wconf 78' lang='lat' dir='ltr'>erudien-</span> 
     </span>
     <span class='ocr_line' id='line_1_33' title="bbox 129 3654 1160 3737; baseline 0.015 -15"><span class='ocrx_word' id='word_1_245' title='bbox 129 3661 189 3725; x_wconf 82' lang='lat' dir='ltr'>dis</span> <span class='ocrx_word' id='word_1_246' title='bbox 224 3660 465 3726; x_wconf 81' lang='lat' dir='ltr'>inserviisee</span> <span class='ocrx_word' id='word_1_247' title='bbox 501 3654 697 3726; x_wconf 68' lang='lat' dir='ltr'>ex&#39;variis</span> <span class='ocrx_word' id='word_1_248' title='bbox 731 3662 898 3727; x_wconf 83' lang='lat' dir='ltr'>indiciis</span> <span class='ocrx_word' id='word_1_249' title='bbox 921 3684 1032 3732; x_wconf 91' lang='lat' dir='ltr'>certo</span> <span class='ocrx_word' id='word_1_250' title='bbox 1065 3692 1160 3737; x_wconf 89' lang='lat' dir='ltr'>con·</span> 
     </span>
     <span class='ocr_line' id='line_1_34' title="bbox 129 3764 1159 3869; baseline 0.009 -42"><span class='ocrx_word' id='word_1_251' title='bbox 129 3781 219 3837; x_wconf 78' lang='lat' dir='ltr'>etat.</span> <span class='ocrx_word' id='word_1_252' title='bbox 255 3764 413 3841; x_wconf 79' lang='lat' dir='ltr'>Graecene</span> <span class='ocrx_word' id='word_1_253' title='bbox 427 3768 571 3869; x_wconf 81' lang='lat' dir='ltr'>Hyginus</span> <span class='ocrx_word' id='word_1_254' title='bbox 582 3772 780 3853; x_wconf 84' lang='lat' dir='ltr'>scripserit,</span> <span class='ocrx_word' id='word_1_255' title='bbox 767 3784 814 3827; x_wconf 79' lang='lat' dir='ltr'>an</span> <span class='ocrx_word' id='word_1_256' title='bbox 826 3788 901 3849; x_wconf 82' lang='lat' dir='ltr'>vero</span> <span class='ocrx_word' id='word_1_257' title='bbox 912 3772 1159 3845; x_wconf 63' lang='lat' dir='ltr'>Grammaticis,</span> 
     </span>
     <span class='ocr_line' id='line_1_35' title="bbox 126 3868 1157 3973; baseline 0.016 -40"><span class='ocrx_word' id='word_1_258' title='bbox 126 3868 253 3955; x_wconf 75' lang='lat' dir='ltr'>Hygini</span> <span class='ocrx_word' id='word_1_259' title='bbox 267 3872 360 3935; x_wconf 81' lang='lat' dir='ltr'>rerba</span> <span class='ocrx_word' id='word_1_260' title='bbox 370 3872 505 3935; x_wconf 84' lang='lat' dir='ltr'>Latina</span> <span class='ocrx_word' id='word_1_261' title='bbox 495 3892 530 3933; x_wconf 86' lang='grc' dir='ltr'>ιιι</span> <span class='ocrx_word' id='word_1_262' title='bbox 542 3873 698 3961; x_wconf 80' lang='lat' dir='ltr'>Graecam</span> <span class='ocrx_word' id='word_1_263' title='bbox 709 3874 856 3954; x_wconf 68' lang='lat' dir='ltr'>linguam</span> <span class='ocrx_word' id='word_1_264' title='bbox 873 3894 964 3939; x_wconf 84' lang='lat' dir='ltr'>versa</span> <span class='ocrx_word' id='word_1_265' title='bbox 977 3869 1157 3973; x_wconf 78' lang='lat' dir='ltr'>descripse-</span> 
     </span>
     <span class='ocr_line' id='line_1_36' title="bbox 125 3956 1152 4131; baseline 0.01 -96"><span class='ocrx_word' id='word_1_266' title='bbox 125 3976 177 4051; x_wconf 86' lang='lat' dir='ltr'>rit,</span> <span class='ocrx_word' id='word_1_267' title='bbox 201 3996 282 4057; x_wconf 84' lang='lat' dir='ltr'>quae</span> <span class='ocrx_word' id='word_1_268' title='bbox 298 3977 463 4051; x_wconf 79' lang='lat' dir='ltr'>Sttvereai</span> <span class='ocrx_word' id='word_1_269' title='bbox 482 3956 637 4043; x_wconf 79' lang='lat' dir='ltr'>dubitatio</span> <span class='ocrx_word' id='word_1_270' title='bbox 656 3990 706 4041; x_wconf 82' lang='lat' dir='ltr'>eet</span> <span class='ocrx_word' id='word_1_271' title='bbox 723 3997 758 4063; x_wconf 80' lang='lat' dir='ltr'>p.</span> <span class='ocrx_word' id='word_1_272' title='bbox 771 3978 859 4059; x_wconf 55' lang='grc' dir='ltr'>ιιι,</span> <span class='ocrx_word' id='word_1_273' title='bbox 864 3982 915 4045; x_wconf 89' lang='lat' dir='ltr'>illi</span> <span class='ocrx_word' id='word_1_274' title='bbox 935 3985 1152 4131; x_wconf 69' lang='lat' dir='ltr'>relinquatur.</span> 
     </span>
    </p>
   </div>
   <div class='ocr_carea' id='block_1_3' title="bbox 0 0 1256 4612">
    <p class='ocr_par' dir='ltr' id='par_1_3' title="bbox 0 0 1256 4612">
     <span class='ocr_line' id='line_1_37' title="bbox 0 0 1256 4612; baseline 0 6"><span class='ocrx_word' id='word_1_275' title='bbox 0 0 1256 4612; x_wconf 95' lang='lat' dir='ltr'> </span> 
     </span>
    </p>
   </div>
  </div>
 </body>
</html>
